Company,Frequency,Fiscal,Period Ending,Revenue,Currency,Fiscal_period
AAGH,annual,TTM,"Mar '24 Mar 31, 2024","273,707",Financials in USD,Fiscal year is July - June
AAGH,annual,FY 2023,"Jun '23 Jun 30, 2023","204,308",Financials in USD,Fiscal year is July - June
AAGH,annual,FY 2022,"Jun '22 Jun 30, 2022","104,648",Financials in USD,Fiscal year is July - June
AAGH,annual,FY 2021,"Jun '21 Jun 30, 2021","195,671",Financials in USD,Fiscal year is July - June
AAGH,annual,FY 2020,"Jun '20 Jun 30, 2020","5,474",Financials in USD,Fiscal year is July - June
AAGH,annual,FY 2019,"Jun '19 Jun 30, 2019",-,Financials in USD,Fiscal year is July - June
AAGH,annual,2018 - 2014,2018 - 2014,Upgrade,Financials in USD,Fiscal year is July - June
AAGH,annual,Currency,,Financials in USD,Financials in USD,Fiscal year is July - June
AAGH,annual,Fiscal_Year_period,,Fiscal year is July - June,Financials in USD,Fiscal year is July - June
AAGH,quarterly,Q3 2024,"Mar '24 Mar 31, 2024","94,032",Financials in USD,Fiscal year is July - June
AAGH,quarterly,Q2 2024,"Dec '23 Dec 31, 2023","91,179",Financials in USD,Fiscal year is July - June
AAGH,quarterly,Q1 2024,"Sep '23 Sep 30, 2023","13,808",Financials in USD,Fiscal year is July - June
AAGH,quarterly,Q4 2023,"Jun '23 Jun 30, 2023","74,688",Financials in USD,Fiscal year is July - June
AAGH,quarterly,Q3 2023,"Mar '23 Mar 31, 2023","39,452",Financials in USD,Fiscal year is July - June
AAGH,quarterly,Q2 2023,"Dec '22 Dec 31, 2022","38,230",Financials in USD,Fiscal year is July - June
AAGH,quarterly,Q1 2023,"Sep '22 Sep 30, 2022","51,938",Financials in USD,Fiscal year is July - June
AAGH,quarterly,Q4 2022,"Jun '22 Jun 30, 2022","-53,776",Financials in USD,Fiscal year is July - June
AAGH,quarterly,Q3 2022,"Mar '22 Mar 31, 2022","2,744",Financials in USD,Fiscal year is July - June
AAGH,quarterly,Q2 2022,"Dec '21 Dec 31, 2021","155,680",Financials in USD,Fiscal year is July - June
AAGH,quarterly,Q1 2022,"Sep '21 Sep 30, 2021",-,Financials in USD,Fiscal year is July - June
AAGH,quarterly,Q4 2021,"Jun '21 Jun 30, 2021",-,Financials in USD,Fiscal year is July - June
AAGH,quarterly,Q3 2021,"Mar '21 Mar 31, 2021","195,535",Financials in USD,Fiscal year is July - June
AAGH,quarterly,Q2 2021,"Dec '20 Dec 31, 2020",-,Financials in USD,Fiscal year is July - June
AAGH,quarterly,Q1 2021,"Sep '20 Sep 30, 2020",136,Financials in USD,Fiscal year is July - June
AAGH,quarterly,Q4 2020,"Jun '20 Jun 30, 2020","5,474",Financials in USD,Fiscal year is July - June
AAGH,quarterly,Q3 2020,"Mar '20 Mar 31, 2020",-,Financials in USD,Fiscal year is July - June
AAGH,quarterly,Q2 2020,"Dec '19 Dec 31, 2019",-,Financials in USD,Fiscal year is July - June
AAGH,quarterly,Q1 2020,"Sep '19 Sep 30, 2019",-,Financials in USD,Fiscal year is July - June
AAGH,quarterly,Q4 2019,"Jun '19 Jun 30, 2019",-,Financials in USD,Fiscal year is July - June
AAGH,quarterly,+20 Quarters,+20 Quarters,Upgrade,Financials in USD,Fiscal year is July - June
AAGH,quarterly,Currency,,Financials in USD,Financials in USD,Fiscal year is July - June
AAGH,quarterly,Fiscal_Year_period,,Fiscal year is July - June,Financials in USD,Fiscal year is July - June
AAWH,annual,TTM,"Sep '24 Sep 30, 2024","565,751,000",Financials in USD,Fiscal year is January - December
AAWH,annual,FY 2023,"Dec '23 Dec 31, 2023","518,590,000",Financials in USD,Fiscal year is January - December
AAWH,annual,FY 2022,"Dec '22 Dec 31, 2022","405,926,000",Financials in USD,Fiscal year is January - December
AAWH,annual,FY 2021,"Dec '21 Dec 31, 2021","332,381,000",Financials in USD,Fiscal year is January - December
AAWH,annual,FY 2020,"Dec '20 Dec 31, 2020","143,732,000",Financials in USD,Fiscal year is January - December
AAWH,annual,FY 2019,"Dec '19 Dec 31, 2019","12,032,000",Financials in USD,Fiscal year is January - December
AAWH,annual,2018,2018,Upgrade,Financials in USD,Fiscal year is January - December
AAWH,annual,Currency,,Financials in USD,Financials in USD,Fiscal year is January - December
AAWH,annual,Fiscal_Year_period,,Fiscal year is January - December,Financials in USD,Fiscal year is January - December
AAWH,quarterly,Q3 2024,"Sep '24 Sep 30, 2024","141,647,000",Financials in USD,Fiscal year is January - December
AAWH,quarterly,Q2 2024,"Jun '24 Jun 30, 2024","141,536,000",Financials in USD,Fiscal year is January - December
AAWH,quarterly,Q1 2024,"Mar '24 Mar 31, 2024","142,410,000",Financials in USD,Fiscal year is January - December
AAWH,quarterly,Q4 2023,"Dec '23 Dec 31, 2023","140,158,000",Financials in USD,Fiscal year is January - December
AAWH,quarterly,Q3 2023,"Sep '23 Sep 30, 2023","141,268,000",Financials in USD,Fiscal year is January - December
AAWH,quarterly,Q2 2023,"Jun '23 Jun 30, 2023","122,988,000",Financials in USD,Fiscal year is January - December
AAWH,quarterly,Q1 2023,"Mar '23 Mar 31, 2023","114,176,000",Financials in USD,Fiscal year is January - December
AAWH,quarterly,Q4 2022,"Dec '22 Dec 31, 2022","112,099,000",Financials in USD,Fiscal year is January - December
AAWH,quarterly,Q3 2022,"Sep '22 Sep 30, 2022","111,238,000",Financials in USD,Fiscal year is January - December
AAWH,quarterly,Q2 2022,"Jun '22 Jun 30, 2022","97,499,000",Financials in USD,Fiscal year is January - December
AAWH,quarterly,Q1 2022,"Mar '22 Mar 31, 2022","85,090,000",Financials in USD,Fiscal year is January - December
AAWH,quarterly,Q4 2021,"Dec '21 Dec 31, 2021","88,495,000",Financials in USD,Fiscal year is January - December
AAWH,quarterly,Q3 2021,"Sep '21 Sep 30, 2021","94,382,000",Financials in USD,Fiscal year is January - December
AAWH,quarterly,Q2 2021,"Jun '21 Jun 30, 2021","83,367,000",Financials in USD,Fiscal year is January - December
AAWH,quarterly,Q1 2021,"Mar '21 Mar 31, 2021","66,137,000",Financials in USD,Fiscal year is January - December
AAWH,quarterly,Q4 2020,"Dec '20 Dec 31, 2020","54,283,000",Financials in USD,Fiscal year is January - December
AAWH,quarterly,Q3 2020,"Sep '20 Sep 30, 2020","41,473,000",Financials in USD,Fiscal year is January - December
AAWH,quarterly,Q2 2020,"Jun '20 Jun 30, 2020","25,384,000",Financials in USD,Fiscal year is January - December
AAWH,quarterly,Q1 2020,"Mar '20 Mar 31, 2020","22,592,000",Financials in USD,Fiscal year is January - December
AAWH,quarterly,Currency,,Financials in USD,Financials in USD,Fiscal year is January - December
AAWH,quarterly,Fiscal_Year_period,,Fiscal year is January - December,Financials in USD,Fiscal year is January - December
ABP,annual,TTM,"Sep '24 Sep 30, 2024","122,000",Financials in USD,Fiscal year is January - December
ABP,annual,FY 2023,"Dec '23 Dec 31, 2023","122,000",Financials in USD,Fiscal year is January - December
ABP,annual,FY 2022,"Dec '22 Dec 31, 2022","2,029,000",Financials in USD,Fiscal year is January - December
ABP,annual,FY 2017,"Dec '17 Dec 31, 2017","2,201,000",Financials in USD,Fiscal year is January - December
ABP,annual,FY 2016,"Dec '16 Dec 31, 2016","1,685,000",Financials in USD,Fiscal year is January - December
ABP,annual,FY 2010,"Sep '10 Sep 30, 2010","12,454,927",Financials in USD,Fiscal year is January - December
ABP,annual,Currency,,Financials in USD,Financials in USD,Fiscal year is January - December
ABP,annual,Fiscal_Year_period,,Fiscal year is January - December,Financials in USD,Fiscal year is January - December
ABP,quarterly,Q3 2024,"Sep '24 Sep 30, 2024",-,Financials in USD,Fiscal year is January - December
ABP,quarterly,Q2 2024,"Jun '24 Jun 30, 2024",-,Financials in USD,Fiscal year is January - December
ABP,quarterly,Q1 2024,"Mar '24 Mar 31, 2024",-,Financials in USD,Fiscal year is January - December
ABP,quarterly,Q3 2023,"Sep '23 Sep 30, 2023",-,Financials in USD,Fiscal year is January - December
ABP,quarterly,Q2 2023,"Jun '23 Jun 30, 2023","-25,000",Financials in USD,Fiscal year is January - December
ABP,quarterly,Q1 2023,"Mar '23 Mar 31, 2023","25,000",Financials in USD,Fiscal year is January - December
ABP,quarterly,Currency,,Financials in USD,Financials in USD,Fiscal year is January - December
ABP,quarterly,Fiscal_Year_period,,Fiscal year is January - December,Financials in USD,Fiscal year is January - December
ACMB,annual,TTM,"Sep '21 Sep 30, 2021","5,618,000",Financials in USD,Fiscal year is January - December
ACMB,annual,FY 2020,"Dec '20 Dec 31, 2020","4,752,000",Financials in USD,Fiscal year is January - December
ACMB,annual,FY 2019,"Dec '19 Dec 31, 2019","5,319,000",Financials in USD,Fiscal year is January - December
ACMB,annual,FY 2016,"Dec '16 Dec 31, 2016",-,Financials in USD,Fiscal year is January - December
ACMB,annual,FY 2015,"Dec '15 Dec 31, 2015",-,Financials in USD,Fiscal year is January - December
ACMB,annual,FY 2014,"Dec '14 Dec 31, 2014",-,Financials in USD,Fiscal year is January - December
ACMB,annual,2013,2013,Upgrade,Financials in USD,Fiscal year is January - December
ACMB,annual,Currency,,Financials in USD,Financials in USD,Fiscal year is January - December
ACMB,annual,Fiscal_Year_period,,Fiscal year is January - December,Financials in USD,Fiscal year is January - December
ACMB,quarterly,Q4 2020,"Dec '20 Dec 31, 2020","334,000",Financials in USD,Fiscal year is January - December
ACMB,quarterly,Q2 2017,"Jun '17 Jun 30, 2017",-,Financials in USD,Fiscal year is January - December
ACMB,quarterly,Q1 2017,"Mar '17 Mar 31, 2017",-,Financials in USD,Fiscal year is January - December
ACMB,quarterly,Q4 2016,"Dec '16 Dec 31, 2016",-,Financials in USD,Fiscal year is January - December
ACMB,quarterly,Q3 2016,"Sep '16 Sep 30, 2016",-,Financials in USD,Fiscal year is January - December
ACMB,quarterly,Q2 2016,"Jun '16 Jun 30, 2016",-,Financials in USD,Fiscal year is January - December
ACMB,quarterly,Q1 2016,"Mar '16 Mar 31, 2016",-,Financials in USD,Fiscal year is January - December
ACMB,quarterly,Q4 2015,"Dec '15 Dec 31, 2015",-,Financials in USD,Fiscal year is January - December
ACMB,quarterly,Q3 2015,"Sep '15 Sep 30, 2015",-,Financials in USD,Fiscal year is January - December
ACMB,quarterly,Q2 2015,"Jun '15 Jun 30, 2015",-,Financials in USD,Fiscal year is January - December
ACMB,quarterly,Q1 2015,"Mar '15 Mar 31, 2015",-,Financials in USD,Fiscal year is January - December
ACMB,quarterly,Q4 2014,"Dec '14 Dec 31, 2014",-,Financials in USD,Fiscal year is January - December
ACMB,quarterly,Q3 2014,"Sep '14 Sep 30, 2014",-,Financials in USD,Fiscal year is January - December
ACMB,quarterly,Q2 2014,"Jun '14 Jun 30, 2014",-,Financials in USD,Fiscal year is January - December
ACMB,quarterly,Q1 2014,"Mar '14 Mar 31, 2014",-,Financials in USD,Fiscal year is January - December
ACMB,quarterly,Currency,,Financials in USD,Financials in USD,Fiscal year is January - December
ACMB,quarterly,Fiscal_Year_period,,Fiscal year is January - December,Financials in USD,Fiscal year is January - December
ACUR,annual,TTM,"Dec '21 Dec 31, 2021","1,563,000",Financials in USD,Fiscal year is January - December
ACUR,annual,FY 2021,"Dec '21 Dec 31, 2021","1,563,000",Financials in USD,Fiscal year is January - December
ACUR,annual,FY 2020,"Dec '20 Dec 31, 2020","3,570,000",Financials in USD,Fiscal year is January - December
ACUR,annual,FY 2019,"Dec '19 Dec 31, 2019","2,657,000",Financials in USD,Fiscal year is January - December
ACUR,annual,FY 2018,"Dec '18 Dec 31, 2018","410,000",Financials in USD,Fiscal year is January - December
ACUR,annual,FY 2017,"Dec '17 Dec 31, 2017","2,966,000",Financials in USD,Fiscal year is January - December
ACUR,annual,2016 - 2012,2016 - 2012,Upgrade,Financials in USD,Fiscal year is January - December
ACUR,annual,Currency,,Financials in USD,Financials in USD,Fiscal year is January - December
ACUR,annual,Fiscal_Year_period,,Fiscal year is January - December,Financials in USD,Fiscal year is January - December
ACUR,quarterly,Q4 2021,"Dec '21 Dec 31, 2021","36,000",Financials in USD,Fiscal year is January - December
ACUR,quarterly,Q3 2021,"Sep '21 Sep 30, 2021","270,000",Financials in USD,Fiscal year is January - December
ACUR,quarterly,Q2 2021,"Jun '21 Jun 30, 2021","613,000",Financials in USD,Fiscal year is January - December
ACUR,quarterly,Q1 2021,"Mar '21 Mar 31, 2021","644,000",Financials in USD,Fiscal year is January - December
ACUR,quarterly,Q4 2020,"Dec '20 Dec 31, 2020","718,000",Financials in USD,Fiscal year is January - December
ACUR,quarterly,Q3 2020,"Sep '20 Sep 30, 2020","410,000",Financials in USD,Fiscal year is January - December
ACUR,quarterly,Q2 2020,"Jun '20 Jun 30, 2020","1,351,000",Financials in USD,Fiscal year is January - December
ACUR,quarterly,Q1 2020,"Mar '20 Mar 31, 2020","1,091,000",Financials in USD,Fiscal year is January - December
ACUR,quarterly,Q4 2019,"Dec '19 Dec 31, 2019","1,220,000",Financials in USD,Fiscal year is January - December
ACUR,quarterly,Q3 2019,"Sep '19 Sep 30, 2019","1,324,000",Financials in USD,Fiscal year is January - December
ACUR,quarterly,Q2 2019,"Jun '19 Jun 30, 2019","46,000",Financials in USD,Fiscal year is January - December
ACUR,quarterly,Q1 2019,"Mar '19 Mar 31, 2019","67,000",Financials in USD,Fiscal year is January - December
ACUR,quarterly,Q4 2018,"Dec '18 Dec 31, 2018","63,000",Financials in USD,Fiscal year is January - December
ACUR,quarterly,Q3 2018,"Sep '18 Sep 30, 2018","73,000",Financials in USD,Fiscal year is January - December
ACUR,quarterly,Q2 2018,"Jun '18 Jun 30, 2018","76,000",Financials in USD,Fiscal year is January - December
ACUR,quarterly,Q1 2018,"Mar '18 Mar 31, 2018","198,000",Financials in USD,Fiscal year is January - December
ACUR,quarterly,Q4 2017,"Dec '17 Dec 31, 2017","74,000",Financials in USD,Fiscal year is January - December
ACUR,quarterly,Q3 2017,"Sep '17 Sep 30, 2017","83,000",Financials in USD,Fiscal year is January - December
ACUR,quarterly,Q2 2017,"Jun '17 Jun 30, 2017","92,000",Financials in USD,Fiscal year is January - December
ACUR,quarterly,Q1 2017,"Mar '17 Mar 31, 2017","2,717,000",Financials in USD,Fiscal year is January - December
ACUR,quarterly,+20 Quarters,+20 Quarters,Upgrade,Financials in USD,Fiscal year is January - December
ACUR,quarterly,Currency,,Financials in USD,Financials in USD,Fiscal year is January - December
ACUR,quarterly,Fiscal_Year_period,,Fiscal year is January - December,Financials in USD,Fiscal year is January - December
ADIA,annual,TTM,"Dec '23 Dec 31, 2023",-,Financials in USD,Fiscal year is January - December
ADIA,annual,FY 2023,"Dec '23 Dec 31, 2023",-,Financials in USD,Fiscal year is January - December
ADIA,annual,FY 2004,"Dec '04 Dec 31, 2004","197,359",Financials in USD,Fiscal year is January - December
ADIA,annual,FY 2003,"Dec '03 Dec 31, 2003","759,923",Financials in USD,Fiscal year is January - December
ADIA,annual,FY 2002,"Dec '02 Dec 31, 2002","414,737",Financials in USD,Fiscal year is January - December
ADIA,annual,Currency,,Financials in USD,Financials in USD,Fiscal year is January - December
ADIA,annual,Fiscal_Year_period,,Fiscal year is January - December,Financials in USD,Fiscal year is January - December
ADIA,quarterly,Q2 2012,"Jun '12 Jun 30, 2012","24,610",Financials in USD,Fiscal year is January - December
ADIA,quarterly,Q1 2012,"Mar '12 Mar 31, 2012","24,610",Financials in USD,Fiscal year is January - December
ADIA,quarterly,Q3 2005,"Sep '05 Sep 30, 2005","119,843",Financials in USD,Fiscal year is January - December
ADIA,quarterly,Q2 2005,"Jun '05 Jun 30, 2005","133,480",Financials in USD,Fiscal year is January - December
ADIA,quarterly,Q1 2005,"Mar '05 Mar 31, 2005","160,671",Financials in USD,Fiscal year is January - December
ADIA,quarterly,Q4 2004,"Dec '04 Dec 31, 2004","93,160",Financials in USD,Fiscal year is January - December
ADIA,quarterly,Q3 2004,"Sep '04 Sep 30, 2004","75,790",Financials in USD,Fiscal year is January - December
ADIA,quarterly,Q2 2004,"Jun '04 Jun 30, 2004","4,409",Financials in USD,Fiscal year is January - December
ADIA,quarterly,Q1 2004,"Mar '04 Mar 31, 2004","24,000",Financials in USD,Fiscal year is January - December
ADIA,quarterly,Q4 2003,"Dec '03 Dec 31, 2003","16,000",Financials in USD,Fiscal year is January - December
ADIA,quarterly,Q3 2003,"Sep '03 Sep 30, 2003","163,935",Financials in USD,Fiscal year is January - December
ADIA,quarterly,Q2 2003,"Jun '03 Jun 30, 2003","248,535",Financials in USD,Fiscal year is January - December
ADIA,quarterly,Q1 2003,"Mar '03 Mar 31, 2003","331,453",Financials in USD,Fiscal year is January - December
ADIA,quarterly,Currency,,Financials in USD,Financials in USD,Fiscal year is January - December
ADIA,quarterly,Fiscal_Year_period,,Fiscal year is January - December,Financials in USD,Fiscal year is January - December
AGTX,annual,TTM,"Sep '24 Sep 30, 2024",-,Financials in USD,Fiscal year is April - March
AGTX,annual,FY 2024,"Mar '24 Mar 31, 2024",-,Financials in USD,Fiscal year is April - March
AGTX,annual,FY 2023,"Mar '23 Mar 31, 2023",-,Financials in USD,Fiscal year is April - March
AGTX,annual,FY 2022,"Mar '22 Mar 31, 2022","1,240",Financials in USD,Fiscal year is April - March
AGTX,annual,FY 2021,"Aug '21 Aug 31, 2021","1,240",Financials in USD,Fiscal year is April - March
AGTX,annual,FY 2021,"Mar '21 Mar 31, 2021",-,Financials in USD,Fiscal year is April - March
AGTX,annual,2020,2020,Upgrade,Financials in USD,Fiscal year is April - March
AGTX,annual,Currency,,Financials in USD,Financials in USD,Fiscal year is April - March
AGTX,annual,Fiscal_Year_period,,Fiscal year is April - March,Financials in USD,Fiscal year is April - March
AGTX,quarterly,Q2 2025,"Sep '24 Sep 30, 2024",-,Financials in USD,Fiscal year is April - March
AGTX,quarterly,Q1 2025,"Jun '24 Jun 30, 2024",-,Financials in USD,Fiscal year is April - March
AGTX,quarterly,Q4 2024,"Mar '24 Mar 31, 2024",-,Financials in USD,Fiscal year is April - March
AGTX,quarterly,Q3 2024,"Dec '23 Dec 31, 2023",-,Financials in USD,Fiscal year is April - March
AGTX,quarterly,Q2 2024,"Sep '23 Sep 30, 2023",-,Financials in USD,Fiscal year is April - March
AGTX,quarterly,Q1 2024,"Jun '23 Jun 30, 2023",-,Financials in USD,Fiscal year is April - March
AGTX,quarterly,Q4 2023,"Mar '23 Mar 31, 2023",-,Financials in USD,Fiscal year is April - March
AGTX,quarterly,Q3 2023,"Dec '22 Dec 31, 2022",-,Financials in USD,Fiscal year is April - March
AGTX,quarterly,Q2 2023,"Sep '22 Sep 30, 2022",-,Financials in USD,Fiscal year is April - March
AGTX,quarterly,Q1 2023,"Jun '22 Jun 30, 2022",-,Financials in USD,Fiscal year is April - March
AGTX,quarterly,Q4 2022,"Mar '22 Mar 31, 2022",-,Financials in USD,Fiscal year is April - March
AGTX,quarterly,Q3 2022,"Dec '21 Dec 31, 2021",-,Financials in USD,Fiscal year is April - March
AGTX,quarterly,Q2 2022,"Sep '21 Sep 30, 2021","1,240",Financials in USD,Fiscal year is April - March
AGTX,quarterly,Q1 2022,"Jun '21 Jun 30, 2021",-,Financials in USD,Fiscal year is April - March
AGTX,quarterly,Q2 2021,"Feb '21 Feb 28, 2021",-,Financials in USD,Fiscal year is April - March
AGTX,quarterly,Q1 2021,"Nov '20 Nov 30, 2020",-,Financials in USD,Fiscal year is April - March
AGTX,quarterly,Q4 2020,"Aug '20 Aug 31, 2020",-,Financials in USD,Fiscal year is April - March
AGTX,quarterly,Q3 2020,"May '20 May 31, 2020",-,Financials in USD,Fiscal year is April - March
AGTX,quarterly,Q3 2019,"May '19 May 31, 2019",-,Financials in USD,Fiscal year is April - March
AGTX,quarterly,Currency,,Financials in USD,Financials in USD,Fiscal year is April - March
AGTX,quarterly,Fiscal_Year_period,,Fiscal year is April - March,Financials in USD,Fiscal year is April - March
AMMJ,annual,TTM,"Mar '24 Mar 31, 2024","2,019,621",Financials in USD,Fiscal year is January - December
AMMJ,annual,FY 2023,"Dec '23 Dec 31, 2023","2,476,185",Financials in USD,Fiscal year is January - December
AMMJ,annual,FY 2022,"Dec '22 Dec 31, 2022","18,808,544",Financials in USD,Fiscal year is January - December
AMMJ,annual,FY 2021,"Dec '21 Dec 31, 2021","2,425,204",Financials in USD,Fiscal year is January - December
AMMJ,annual,FY 2020,"Dec '20 Dec 31, 2020","1,569,794",Financials in USD,Fiscal year is January - December
AMMJ,annual,FY 2019,"Dec '19 Dec 31, 2019","2,130,735",Financials in USD,Fiscal year is January - December
AMMJ,annual,2018 - 2014,2018 - 2014,Upgrade,Financials in USD,Fiscal year is January - December
AMMJ,annual,Currency,,Financials in USD,Financials in USD,Fiscal year is January - December
AMMJ,annual,Fiscal_Year_period,,Fiscal year is January - December,Financials in USD,Fiscal year is January - December
AMMJ,quarterly,Q1 2024,"Mar '24 Mar 31, 2024","255,821",Financials in USD,Fiscal year is January - December
AMMJ,quarterly,Q4 2023,"Dec '23 Dec 31, 2023","281,181",Financials in USD,Fiscal year is January - December
AMMJ,quarterly,Q3 2023,"Sep '23 Sep 30, 2023","599,890",Financials in USD,Fiscal year is January - December
AMMJ,quarterly,Q2 2023,"Jun '23 Jun 30, 2023","852,729",Financials in USD,Fiscal year is January - December
AMMJ,quarterly,Q1 2023,"Mar '23 Mar 31, 2023","712,385",Financials in USD,Fiscal year is January - December
AMMJ,quarterly,Q4 2022,"Dec '22 Dec 31, 2022","11,320,798",Financials in USD,Fiscal year is January - December
AMMJ,quarterly,Q3 2022,"Sep '22 Sep 30, 2022","2,123,616",Financials in USD,Fiscal year is January - December
AMMJ,quarterly,Q2 2022,"Jun '22 Jun 30, 2022","4,744,285",Financials in USD,Fiscal year is January - December
AMMJ,quarterly,Q1 2022,"Mar '22 Mar 31, 2022","619,845",Financials in USD,Fiscal year is January - December
AMMJ,quarterly,Q4 2021,"Dec '21 Dec 31, 2021","726,294",Financials in USD,Fiscal year is January - December
AMMJ,quarterly,Q3 2021,"Sep '21 Sep 30, 2021","752,953",Financials in USD,Fiscal year is January - December
AMMJ,quarterly,Q2 2021,"Jun '21 Jun 30, 2021","619,979",Financials in USD,Fiscal year is January - December
AMMJ,quarterly,Q1 2021,"Mar '21 Mar 31, 2021","325,980",Financials in USD,Fiscal year is January - December
AMMJ,quarterly,Q4 2020,"Dec '20 Dec 31, 2020","310,790",Financials in USD,Fiscal year is January - December
AMMJ,quarterly,Q3 2020,"Sep '20 Sep 30, 2020","268,709",Financials in USD,Fiscal year is January - December
AMMJ,quarterly,Q2 2020,"Jun '20 Jun 30, 2020","549,913",Financials in USD,Fiscal year is January - December
AMMJ,quarterly,Q1 2020,"Mar '20 Mar 31, 2020","440,382",Financials in USD,Fiscal year is January - December
AMMJ,quarterly,Q4 2019,"Dec '19 Dec 31, 2019","264,822",Financials in USD,Fiscal year is January - December
AMMJ,quarterly,Q3 2019,"Sep '19 Sep 30, 2019","724,632",Financials in USD,Fiscal year is January - December
AMMJ,quarterly,Q2 2019,"Jun '19 Jun 30, 2019","730,968",Financials in USD,Fiscal year is January - December
AMMJ,quarterly,+20 Quarters,+20 Quarters,Upgrade,Financials in USD,Fiscal year is January - December
AMMJ,quarterly,Currency,,Financials in USD,Financials in USD,Fiscal year is January - December
AMMJ,quarterly,Fiscal_Year_period,,Fiscal year is January - December,Financials in USD,Fiscal year is January - December
ARDS,annual,TTM,"Sep '23 Sep 30, 2023","22,359,000",Financials in USD,Fiscal year is January - December
ARDS,annual,FY 2022,"Dec '22 Dec 31, 2022","3,091,000",Financials in USD,Fiscal year is January - December
ARDS,annual,FY 2021,"Dec '21 Dec 31, 2021","1,535,000",Financials in USD,Fiscal year is January - December
ARDS,annual,FY 2020,"Dec '20 Dec 31, 2020","1,000,000",Financials in USD,Fiscal year is January - December
ARDS,annual,FY 2019,"Dec '19 Dec 31, 2019","1,022,000",Financials in USD,Fiscal year is January - December
ARDS,annual,FY 2018,"Dec '18 Dec 31, 2018","2,757,000",Financials in USD,Fiscal year is January - December
ARDS,annual,2017 - 2015,2017 - 2015,Upgrade,Financials in USD,Fiscal year is January - December
ARDS,annual,Currency,,Financials in USD,Financials in USD,Fiscal year is January - December
ARDS,annual,Fiscal_Year_period,,Fiscal year is January - December,Financials in USD,Fiscal year is January - December
ARDS,quarterly,Q3 2023,"Sep '23 Sep 30, 2023","417,000",Financials in USD,Fiscal year is January - December
ARDS,quarterly,Q2 2023,"Jun '23 Jun 30, 2023","19,647,000",Financials in USD,Fiscal year is January - December
ARDS,quarterly,Q1 2023,"Mar '23 Mar 31, 2023","1,082,000",Financials in USD,Fiscal year is January - December
ARDS,quarterly,Q4 2022,"Dec '22 Dec 31, 2022","1,213,000",Financials in USD,Fiscal year is January - December
ARDS,quarterly,Q3 2022,"Sep '22 Sep 30, 2022","399,000",Financials in USD,Fiscal year is January - December
ARDS,quarterly,Q2 2022,"Jun '22 Jun 30, 2022","292,000",Financials in USD,Fiscal year is January - December
ARDS,quarterly,Q1 2022,"Mar '22 Mar 31, 2022","1,187,000",Financials in USD,Fiscal year is January - December
ARDS,quarterly,Q4 2021,"Dec '21 Dec 31, 2021","987,000",Financials in USD,Fiscal year is January - December
ARDS,quarterly,Q3 2021,"Sep '21 Sep 30, 2021","515,000",Financials in USD,Fiscal year is January - December
ARDS,quarterly,Q2 2021,"Jun '21 Jun 30, 2021","33,000",Financials in USD,Fiscal year is January - December
ARDS,quarterly,Q1 2021,"Mar '21 Mar 31, 2021",-,Financials in USD,Fiscal year is January - December
ARDS,quarterly,Q4 2020,"Dec '20 Dec 31, 2020",-,Financials in USD,Fiscal year is January - December
ARDS,quarterly,Q3 2020,"Sep '20 Sep 30, 2020",-,Financials in USD,Fiscal year is January - December
ARDS,quarterly,Q2 2020,"Jun '20 Jun 30, 2020","1,000,000",Financials in USD,Fiscal year is January - December
ARDS,quarterly,Q1 2020,"Mar '20 Mar 31, 2020",-,Financials in USD,Fiscal year is January - December
ARDS,quarterly,Q4 2019,"Dec '19 Dec 31, 2019",-,Financials in USD,Fiscal year is January - December
ARDS,quarterly,Q3 2019,"Sep '19 Sep 30, 2019",-,Financials in USD,Fiscal year is January - December
ARDS,quarterly,Q2 2019,"Jun '19 Jun 30, 2019",-,Financials in USD,Fiscal year is January - December
ARDS,quarterly,Q1 2019,"Mar '19 Mar 31, 2019","1,022,000",Financials in USD,Fiscal year is January - December
ARDS,quarterly,Q4 2018,"Dec '18 Dec 31, 2018","1,390,000",Financials in USD,Fiscal year is January - December
ARDS,quarterly,+8 Quarters,+8 Quarters,Upgrade,Financials in USD,Fiscal year is January - December
ARDS,quarterly,Currency,,Financials in USD,Financials in USD,Fiscal year is January - December
ARDS,quarterly,Fiscal_Year_period,,Fiscal year is January - December,Financials in USD,Fiscal year is January - December
AVRW,annual,TTM,"Sep '24 Sep 30, 2024","2,045,000",Financials in USD,Fiscal year is January - December
AVRW,annual,FY 2023,"Dec '23 Dec 31, 2023","4,347,000",Financials in USD,Fiscal year is January - December
AVRW,annual,FY 2022,"Dec '22 Dec 31, 2022","4,896,000",Financials in USD,Fiscal year is January - December
AVRW,annual,FY 2021,"Dec '21 Dec 31, 2021","6,078,000",Financials in USD,Fiscal year is January - December
AVRW,annual,FY 2020,"Dec '20 Dec 31, 2020","2,051,000",Financials in USD,Fiscal year is January - December
AVRW,annual,FY 2019,"Dec '19 Dec 31, 2019","623,000",Financials in USD,Fiscal year is January - December
AVRW,annual,2018 - 2014,2018 - 2014,Upgrade,Financials in USD,Fiscal year is January - December
AVRW,annual,Currency,,Financials in USD,Financials in USD,Fiscal year is January - December
AVRW,annual,Fiscal_Year_period,,Fiscal year is January - December,Financials in USD,Fiscal year is January - December
AVRW,quarterly,Q3 2024,"Sep '24 Sep 30, 2024","192,000",Financials in USD,Fiscal year is January - December
AVRW,quarterly,Q2 2024,"Jun '24 Jun 30, 2024","287,000",Financials in USD,Fiscal year is January - December
AVRW,quarterly,Q1 2024,"Mar '24 Mar 31, 2024","440,000",Financials in USD,Fiscal year is January - December
AVRW,quarterly,Q4 2023,"Dec '23 Dec 31, 2023","1,122,000",Financials in USD,Fiscal year is January - December
AVRW,quarterly,Q3 2023,"Sep '23 Sep 30, 2023","1,011,000",Financials in USD,Fiscal year is January - December
AVRW,quarterly,Q2 2023,"Jun '23 Jun 30, 2023","972,000",Financials in USD,Fiscal year is January - December
AVRW,quarterly,Q1 2023,"Mar '23 Mar 31, 2023","1,238,000",Financials in USD,Fiscal year is January - December
AVRW,quarterly,Q4 2022,"Dec '22 Dec 31, 2022","913,000",Financials in USD,Fiscal year is January - December
AVRW,quarterly,Q3 2022,"Sep '22 Sep 30, 2022","1,784,000",Financials in USD,Fiscal year is January - December
AVRW,quarterly,Q2 2022,"Jun '22 Jun 30, 2022","1,123,000",Financials in USD,Fiscal year is January - December
AVRW,quarterly,Q1 2022,"Mar '22 Mar 31, 2022","1,076,000",Financials in USD,Fiscal year is January - December
AVRW,quarterly,Q4 2021,"Dec '21 Dec 31, 2021","1,399,000",Financials in USD,Fiscal year is January - December
AVRW,quarterly,Q3 2021,"Sep '21 Sep 30, 2021","1,350,000",Financials in USD,Fiscal year is January - December
AVRW,quarterly,Q2 2021,"Jun '21 Jun 30, 2021","2,068,000",Financials in USD,Fiscal year is January - December
AVRW,quarterly,Q1 2021,"Mar '21 Mar 31, 2021","1,445,000",Financials in USD,Fiscal year is January - December
AVRW,quarterly,Q4 2020,"Dec '20 Dec 31, 2020","1,310,000",Financials in USD,Fiscal year is January - December
AVRW,quarterly,Q3 2020,"Sep '20 Sep 30, 2020","192,000",Financials in USD,Fiscal year is January - December
AVRW,quarterly,Q2 2020,"Jun '20 Jun 30, 2020","269,000",Financials in USD,Fiscal year is January - December
AVRW,quarterly,Q1 2020,"Mar '20 Mar 31, 2020","280,000",Financials in USD,Fiscal year is January - December
AVRW,quarterly,Q4 2019,"Dec '19 Dec 31, 2019","339,000",Financials in USD,Fiscal year is January - December
AVRW,quarterly,+19 Quarters,+19 Quarters,Upgrade,Financials in USD,Fiscal year is January - December
AVRW,quarterly,Currency,,Financials in USD,Financials in USD,Fiscal year is January - December
AVRW,quarterly,Fiscal_Year_period,,Fiscal year is January - December,Financials in USD,Fiscal year is January - December
AXIM,annual,TTM,"Jun '24 Jun 30, 2024","92,898",Financials in USD,Fiscal year is January - December
AXIM,annual,FY 2023,"Dec '23 Dec 31, 2023","39,518",Financials in USD,Fiscal year is January - December
AXIM,annual,FY 2022,"Dec '22 Dec 31, 2022","8,875",Financials in USD,Fiscal year is January - December
AXIM,annual,FY 2021,"Dec '21 Dec 31, 2021","60,460",Financials in USD,Fiscal year is January - December
AXIM,annual,FY 2020,"Dec '20 Dec 31, 2020",-,Financials in USD,Fiscal year is January - December
AXIM,annual,FY 2019,"Dec '19 Dec 31, 2019",-,Financials in USD,Fiscal year is January - December
AXIM,annual,2018 - 2014,2018 - 2014,Upgrade,Financials in USD,Fiscal year is January - December
AXIM,annual,Currency,,Financials in USD,Financials in USD,Fiscal year is January - December
AXIM,annual,Fiscal_Year_period,,Fiscal year is January - December,Financials in USD,Fiscal year is January - December
AXIM,quarterly,Q2 2024,"Jun '24 Jun 30, 2024","17,479",Financials in USD,Fiscal year is January - December
AXIM,quarterly,Q1 2024,"Mar '24 Mar 31, 2024","52,979",Financials in USD,Fiscal year is January - December
AXIM,quarterly,Q4 2023,"Dec '23 Dec 31, 2023","12,859",Financials in USD,Fiscal year is January - December
AXIM,quarterly,Q3 2023,"Sep '23 Sep 30, 2023","9,581",Financials in USD,Fiscal year is January - December
AXIM,quarterly,Q2 2023,"Jun '23 Jun 30, 2023","9,929",Financials in USD,Fiscal year is January - December
AXIM,quarterly,Q1 2023,"Mar '23 Mar 31, 2023","7,397",Financials in USD,Fiscal year is January - December
AXIM,quarterly,Q4 2022,"Dec '22 Dec 31, 2022","7,561",Financials in USD,Fiscal year is January - December
AXIM,quarterly,Q3 2022,"Sep '22 Sep 30, 2022","1,314",Financials in USD,Fiscal year is January - December
AXIM,quarterly,Q2 2022,"Jun '22 Jun 30, 2022",-,Financials in USD,Fiscal year is January - December
AXIM,quarterly,Q1 2022,"Mar '22 Mar 31, 2022",-,Financials in USD,Fiscal year is January - December
AXIM,quarterly,Q4 2021,"Dec '21 Dec 31, 2021","4,809",Financials in USD,Fiscal year is January - December
AXIM,quarterly,Q3 2021,"Sep '21 Sep 30, 2021","8,127",Financials in USD,Fiscal year is January - December
AXIM,quarterly,Q2 2021,"Jun '21 Jun 30, 2021","14,875",Financials in USD,Fiscal year is January - December
AXIM,quarterly,Q1 2021,"Mar '21 Mar 31, 2021","32,649",Financials in USD,Fiscal year is January - December
AXIM,quarterly,Q4 2020,"Dec '20 Dec 31, 2020",-,Financials in USD,Fiscal year is January - December
AXIM,quarterly,Q3 2020,"Sep '20 Sep 30, 2020",-,Financials in USD,Fiscal year is January - December
AXIM,quarterly,Q2 2020,"Jun '20 Jun 30, 2020",-,Financials in USD,Fiscal year is January - December
AXIM,quarterly,Q1 2020,"Mar '20 Mar 31, 2020",-,Financials in USD,Fiscal year is January - December
AXIM,quarterly,Q4 2019,"Dec '19 Dec 31, 2019",-,Financials in USD,Fiscal year is January - December
AXIM,quarterly,Q3 2019,"Sep '19 Sep 30, 2019",-,Financials in USD,Fiscal year is January - December
AXIM,quarterly,+20 Quarters,+20 Quarters,Upgrade,Financials in USD,Fiscal year is January - December
AXIM,quarterly,Currency,,Financials in USD,Financials in USD,Fiscal year is January - December
AXIM,quarterly,Fiscal_Year_period,,Fiscal year is January - December,Financials in USD,Fiscal year is January - December
BDPT,annual,TTM,"Sep '24 Sep 30, 2024","19,870",Financials in USD,Fiscal year is January - December
BDPT,annual,FY 2023,"Dec '23 Dec 31, 2023","28,565",Financials in USD,Fiscal year is January - December
BDPT,annual,FY 2022,"Dec '22 Dec 31, 2022","17,176",Financials in USD,Fiscal year is January - December
BDPT,annual,FY 2021,"Dec '21 Dec 31, 2021","19,776",Financials in USD,Fiscal year is January - December
BDPT,annual,FY 2020,"Dec '20 Dec 31, 2020","16,327",Financials in USD,Fiscal year is January - December
BDPT,annual,FY 2019,"Dec '19 Dec 31, 2019","9,934",Financials in USD,Fiscal year is January - December
BDPT,annual,2018 - 2014,2018 - 2014,Upgrade,Financials in USD,Fiscal year is January - December
BDPT,annual,Currency,,Financials in USD,Financials in USD,Fiscal year is January - December
BDPT,annual,Fiscal_Year_period,,Fiscal year is January - December,Financials in USD,Fiscal year is January - December
BDPT,quarterly,Q3 2024,"Sep '24 Sep 30, 2024",-,Financials in USD,Fiscal year is January - December
BDPT,quarterly,Q2 2024,"Jun '24 Jun 30, 2024",675,Financials in USD,Fiscal year is January - December
BDPT,quarterly,Q1 2024,"Mar '24 Mar 31, 2024","11,994",Financials in USD,Fiscal year is January - December
BDPT,quarterly,Q4 2023,"Dec '23 Dec 31, 2023","7,201",Financials in USD,Fiscal year is January - December
BDPT,quarterly,Q3 2023,"Sep '23 Sep 30, 2023","15,649",Financials in USD,Fiscal year is January - December
BDPT,quarterly,Q2 2023,"Jun '23 Jun 30, 2023","2,339",Financials in USD,Fiscal year is January - December
BDPT,quarterly,Q1 2023,"Mar '23 Mar 31, 2023","3,376",Financials in USD,Fiscal year is January - December
BDPT,quarterly,Q4 2022,"Dec '22 Dec 31, 2022","3,984",Financials in USD,Fiscal year is January - December
BDPT,quarterly,Q3 2022,"Sep '22 Sep 30, 2022","3,337",Financials in USD,Fiscal year is January - December
BDPT,quarterly,Q2 2022,"Jun '22 Jun 30, 2022","4,322",Financials in USD,Fiscal year is January - December
BDPT,quarterly,Q1 2022,"Mar '22 Mar 31, 2022","5,533",Financials in USD,Fiscal year is January - December
BDPT,quarterly,Q4 2021,"Dec '21 Dec 31, 2021","3,851",Financials in USD,Fiscal year is January - December
BDPT,quarterly,Q3 2021,"Sep '21 Sep 30, 2021","5,342",Financials in USD,Fiscal year is January - December
BDPT,quarterly,Q2 2021,"Jun '21 Jun 30, 2021","6,065",Financials in USD,Fiscal year is January - December
BDPT,quarterly,Q1 2021,"Mar '21 Mar 31, 2021","4,518",Financials in USD,Fiscal year is January - December
BDPT,quarterly,Q4 2020,"Dec '20 Dec 31, 2020","3,731",Financials in USD,Fiscal year is January - December
BDPT,quarterly,Q3 2020,"Sep '20 Sep 30, 2020","4,439",Financials in USD,Fiscal year is January - December
BDPT,quarterly,Q2 2020,"Jun '20 Jun 30, 2020","3,502",Financials in USD,Fiscal year is January - December
BDPT,quarterly,Q1 2020,"Mar '20 Mar 31, 2020","4,655",Financials in USD,Fiscal year is January - December
BDPT,quarterly,Q4 2019,"Dec '19 Dec 31, 2019","1,155",Financials in USD,Fiscal year is January - December
BDPT,quarterly,+20 Quarters,+20 Quarters,Upgrade,Financials in USD,Fiscal year is January - December
BDPT,quarterly,Currency,,Financials in USD,Financials in USD,Fiscal year is January - December
BDPT,quarterly,Fiscal_Year_period,,Fiscal year is January - December,Financials in USD,Fiscal year is January - December
BIOE,annual,TTM,"Sep '24 Sep 30, 2024","312,622",Financials in USD,Fiscal year is January - December
BIOE,annual,FY 2023,"Dec '23 Dec 31, 2023","551,506",Financials in USD,Fiscal year is January - December
BIOE,annual,FY 2022,"Dec '22 Dec 31, 2022","621,590",Financials in USD,Fiscal year is January - December
BIOE,annual,FY 2021,"Dec '21 Dec 31, 2021","887,984",Financials in USD,Fiscal year is January - December
BIOE,annual,FY 2020,"Dec '20 Dec 31, 2020","958,700",Financials in USD,Fiscal year is January - December
BIOE,annual,FY 2019,"Dec '19 Dec 31, 2019","826,306",Financials in USD,Fiscal year is January - December
BIOE,annual,2018 - 2017,2018 - 2017,Upgrade,Financials in USD,Fiscal year is January - December
BIOE,annual,Currency,,Financials in USD,Financials in USD,Fiscal year is January - December
BIOE,annual,Fiscal_Year_period,,Fiscal year is January - December,Financials in USD,Fiscal year is January - December
BIOE,quarterly,Q3 2024,"Sep '24 Sep 30, 2024","134,690",Financials in USD,Fiscal year is January - December
BIOE,quarterly,Q2 2024,"Jun '24 Jun 30, 2024","41,695",Financials in USD,Fiscal year is January - December
BIOE,quarterly,Q1 2024,"Mar '24 Mar 31, 2024",-,Financials in USD,Fiscal year is January - December
BIOE,quarterly,Q4 2023,"Dec '23 Dec 31, 2023",-,Financials in USD,Fiscal year is January - December
BIOE,quarterly,Q3 2023,"Sep '23 Sep 30, 2023","155,695",Financials in USD,Fiscal year is January - December
BIOE,quarterly,Q2 2023,"Jun '23 Jun 30, 2023","259,574",Financials in USD,Fiscal year is January - December
BIOE,quarterly,Q1 2023,"Mar '23 Mar 31, 2023",-,Financials in USD,Fiscal year is January - December
BIOE,quarterly,Q4 2022,"Dec '22 Dec 31, 2022",-,Financials in USD,Fiscal year is January - December
BIOE,quarterly,Q3 2022,"Sep '22 Sep 30, 2022","192,052",Financials in USD,Fiscal year is January - December
BIOE,quarterly,Q2 2022,"Jun '22 Jun 30, 2022","288,136",Financials in USD,Fiscal year is January - December
BIOE,quarterly,Q1 2022,"Mar '22 Mar 31, 2022","306,414",Financials in USD,Fiscal year is January - December
BIOE,quarterly,Q4 2021,"Dec '21 Dec 31, 2021","213,039",Financials in USD,Fiscal year is January - December
BIOE,quarterly,Q3 2021,"Sep '21 Sep 30, 2021","226,990",Financials in USD,Fiscal year is January - December
BIOE,quarterly,Q2 2021,"Jun '21 Jun 30, 2021","235,927",Financials in USD,Fiscal year is January - December
BIOE,quarterly,Q1 2021,"Mar '21 Mar 31, 2021","212,028",Financials in USD,Fiscal year is January - December
BIOE,quarterly,Q4 2020,"Dec '20 Dec 31, 2020","218,930",Financials in USD,Fiscal year is January - December
BIOE,quarterly,Q3 2020,"Sep '20 Sep 30, 2020","228,333",Financials in USD,Fiscal year is January - December
BIOE,quarterly,Q2 2020,"Jun '20 Jun 30, 2020","205,090",Financials in USD,Fiscal year is January - December
BIOE,quarterly,Q1 2020,"Mar '20 Mar 31, 2020","306,347",Financials in USD,Fiscal year is January - December
BIOE,quarterly,Q4 2019,"Dec '19 Dec 31, 2019","221,485",Financials in USD,Fiscal year is January - December
BIOE,quarterly,+7 Quarters,+7 Quarters,Upgrade,Financials in USD,Fiscal year is January - December
BIOE,quarterly,Currency,,Financials in USD,Financials in USD,Fiscal year is January - December
BIOE,quarterly,Fiscal_Year_period,,Fiscal year is January - December,Financials in USD,Fiscal year is January - December
BLPH,quarterly,Q3 2023,"Sep '23 Sep 30, 2023",-,Financials in USD,Fiscal year is January - December
BLPH,quarterly,Q2 2023,"Jun '23 Jun 30, 2023",-,Financials in USD,Fiscal year is January - December
BLPH,quarterly,Q1 2023,"Mar '23 Mar 31, 2023","5,640,000",Financials in USD,Fiscal year is January - December
BLPH,quarterly,Q4 2022,"Dec '22 Dec 31, 2022",-,Financials in USD,Fiscal year is January - December
BLPH,quarterly,Q3 2022,"Sep '22 Sep 30, 2022",-,Financials in USD,Fiscal year is January - December
BLPH,quarterly,Q2 2022,"Jun '22 Jun 30, 2022",-,Financials in USD,Fiscal year is January - December
BLPH,quarterly,Q1 2022,"Mar '22 Mar 31, 2022",-,Financials in USD,Fiscal year is January - December
BLPH,quarterly,Q4 2021,"Dec '21 Dec 31, 2021",-,Financials in USD,Fiscal year is January - December
BLPH,quarterly,Q3 2021,"Sep '21 Sep 30, 2021",-,Financials in USD,Fiscal year is January - December
BLPH,quarterly,Q2 2021,"Jun '21 Jun 30, 2021",-,Financials in USD,Fiscal year is January - December
BLPH,quarterly,Q1 2021,"Mar '21 Mar 31, 2021",-,Financials in USD,Fiscal year is January - December
BLPH,quarterly,Q4 2020,"Dec '20 Dec 31, 2020",-,Financials in USD,Fiscal year is January - December
BLPH,quarterly,Q3 2020,"Sep '20 Sep 30, 2020",-,Financials in USD,Fiscal year is January - December
BLPH,quarterly,Q2 2020,"Jun '20 Jun 30, 2020",-,Financials in USD,Fiscal year is January - December
BLPH,quarterly,Q1 2020,"Mar '20 Mar 31, 2020",-,Financials in USD,Fiscal year is January - December
BLPH,quarterly,Q4 2019,"Dec '19 Dec 31, 2019",-,Financials in USD,Fiscal year is January - December
BLPH,quarterly,Q3 2019,"Sep '19 Sep 30, 2019",-,Financials in USD,Fiscal year is January - December
BLPH,quarterly,Q2 2019,"Jun '19 Jun 30, 2019",-,Financials in USD,Fiscal year is January - December
BLPH,quarterly,Q1 2019,"Mar '19 Mar 31, 2019",-,Financials in USD,Fiscal year is January - December
BLPH,quarterly,Q4 2018,"Dec '18 Dec 31, 2018",-,Financials in USD,Fiscal year is January - December
BLPH,quarterly,+20 Quarters,+20 Quarters,Upgrade,Financials in USD,Fiscal year is January - December
BLPH,quarterly,Currency,,Financials in USD,Financials in USD,Fiscal year is January - December
BLPH,quarterly,Fiscal_Year_period,,Fiscal year is January - December,Financials in USD,Fiscal year is January - December
BQST,quarterly,Q4 2024,"Apr '24 Apr 30, 2024",-,Financials in USD,Fiscal year is May - April
BQST,quarterly,Q3 2024,"Jan '24 Jan 31, 2024",-,Financials in USD,Fiscal year is May - April
BQST,quarterly,Q4 2023,"Apr '23 Apr 30, 2023",-,Financials in USD,Fiscal year is May - April
BQST,quarterly,Q3 2023,"Jan '23 Jan 31, 2023",-,Financials in USD,Fiscal year is May - April
BQST,quarterly,Q1 2023,"Jul '22 Jul 31, 2022",-,Financials in USD,Fiscal year is May - April
BQST,quarterly,Q4 2022,"Apr '22 Apr 30, 2022",-,Financials in USD,Fiscal year is May - April
BQST,quarterly,Q3 2022,"Jan '22 Jan 31, 2022",-,Financials in USD,Fiscal year is May - April
BQST,quarterly,Q2 2022,"Oct '21 Oct 31, 2021",-,Financials in USD,Fiscal year is May - April
BQST,quarterly,Q1 2022,"Jul '21 Jul 31, 2021",-,Financials in USD,Fiscal year is May - April
BQST,quarterly,Q4 2021,"Apr '21 Apr 30, 2021",-,Financials in USD,Fiscal year is May - April
BQST,quarterly,Q3 2021,"Jan '21 Jan 31, 2021",-,Financials in USD,Fiscal year is May - April
BQST,quarterly,Q2 2021,"Oct '20 Oct 31, 2020",-,Financials in USD,Fiscal year is May - April
BQST,quarterly,Q1 2021,"Jul '20 Jul 31, 2020",-,Financials in USD,Fiscal year is May - April
BQST,quarterly,Q4 2020,"Apr '20 Apr 30, 2020",-,Financials in USD,Fiscal year is May - April
BQST,quarterly,Q3 2020,"Jan '20 Jan 31, 2020",-,Financials in USD,Fiscal year is May - April
BQST,quarterly,Q2 2020,"Oct '19 Oct 31, 2019",-,Financials in USD,Fiscal year is May - April
BQST,quarterly,Q1 2020,"Jul '19 Jul 31, 2019",-,Financials in USD,Fiscal year is May - April
BQST,quarterly,Q3 2015,"Jan '15 Jan 31, 2015","1,152",Financials in USD,Fiscal year is May - April
BQST,quarterly,Q2 2015,"Oct '14 Oct 31, 2014","29,825",Financials in USD,Fiscal year is May - April
BQST,quarterly,Q1 2015,"Jul '14 Jul 31, 2014",-,Financials in USD,Fiscal year is May - April
BQST,quarterly,+11 Quarters,+11 Quarters,Upgrade,Financials in USD,Fiscal year is May - April
BQST,quarterly,Currency,,Financials in USD,Financials in USD,Fiscal year is May - April
BQST,quarterly,Fiscal_Year_period,,Fiscal year is May - April,Financials in USD,Fiscal year is May - April
BSEM,annual,TTM,"Sep '24 Sep 30, 2024","210,494,095",Financials in USD,Fiscal year is January - December
BSEM,annual,FY 2023,"Dec '23 Dec 31, 2023","16,685,405",Financials in USD,Fiscal year is January - December
BSEM,annual,FY 2022,"Dec '22 Dec 31, 2022","6,875,202",Financials in USD,Fiscal year is January - December
BSEM,annual,FY 2021,"Dec '21 Dec 31, 2021","4,340,839",Financials in USD,Fiscal year is January - December
BSEM,annual,FY 2017,"Dec '17 Dec 31, 2017","313,446",Financials in USD,Fiscal year is January - December
BSEM,annual,FY 2016,"Dec '16 Dec 31, 2016","607,223",Financials in USD,Fiscal year is January - December
BSEM,annual,2015 - 2011,2015 - 2011,Upgrade,Financials in USD,Fiscal year is January - December
BSEM,annual,Currency,,Financials in USD,Financials in USD,Fiscal year is January - December
BSEM,annual,Fiscal_Year_period,,Fiscal year is January - December,Financials in USD,Fiscal year is January - December
BSEM,quarterly,Q3 2024,"Sep '24 Sep 30, 2024","82,556,740",Financials in USD,Fiscal year is January - December
BSEM,quarterly,Q2 2024,"Jun '24 Jun 30, 2024","74,491,996",Financials in USD,Fiscal year is January - December
BSEM,quarterly,Q1 2024,"Mar '24 Mar 31, 2024","41,904,213",Financials in USD,Fiscal year is January - December
BSEM,quarterly,Q4 2023,"Dec '23 Dec 31, 2023","11,441,835",Financials in USD,Fiscal year is January - December
BSEM,quarterly,Q3 2023,"Sep '23 Sep 30, 2023","3,499,756",Financials in USD,Fiscal year is January - December
BSEM,quarterly,Q2 2023,"Jun '23 Jun 30, 2023","1,068,400",Financials in USD,Fiscal year is January - December
BSEM,quarterly,Q1 2023,"Mar '23 Mar 31, 2023","576,103",Financials in USD,Fiscal year is January - December
BSEM,quarterly,Q4 2022,"Dec '22 Dec 31, 2022","793,086",Financials in USD,Fiscal year is January - December
BSEM,quarterly,Q3 2022,"Sep '22 Sep 30, 2022","1,145,755",Financials in USD,Fiscal year is January - December
BSEM,quarterly,Q2 2022,"Jun '22 Jun 30, 2022","2,157,823",Financials in USD,Fiscal year is January - December
BSEM,quarterly,Q1 2022,"Mar '22 Mar 31, 2022","2,778,538",Financials in USD,Fiscal year is January - December
BSEM,quarterly,Q4 2021,"Dec '21 Dec 31, 2021","1,219,052",Financials in USD,Fiscal year is January - December
BSEM,quarterly,Q3 2021,"Sep '21 Sep 30, 2021","1,313,103",Financials in USD,Fiscal year is January - December
BSEM,quarterly,Q2 2021,"Jun '21 Jun 30, 2021","926,311",Financials in USD,Fiscal year is January - December
BSEM,quarterly,Q1 2021,"Mar '21 Mar 31, 2021","882,373",Financials in USD,Fiscal year is January - December
BSEM,quarterly,Q2 2018,"Jun '18 Jun 30, 2018","35,315",Financials in USD,Fiscal year is January - December
BSEM,quarterly,Q1 2018,"Mar '18 Mar 31, 2018","63,921",Financials in USD,Fiscal year is January - December
BSEM,quarterly,Q4 2017,"Dec '17 Dec 31, 2017","58,526",Financials in USD,Fiscal year is January - December
BSEM,quarterly,Q3 2017,"Sep '17 Sep 30, 2017","55,284",Financials in USD,Fiscal year is January - December
BSEM,quarterly,Q2 2017,"Jun '17 Jun 30, 2017","84,675",Financials in USD,Fiscal year is January - December
BSEM,quarterly,+20 Quarters,+20 Quarters,Upgrade,Financials in USD,Fiscal year is January - December
BSEM,quarterly,Currency,,Financials in USD,Financials in USD,Fiscal year is January - December
BSEM,quarterly,Fiscal_Year_period,,Fiscal year is January - December,Financials in USD,Fiscal year is January - December
BSPK,annual,TTM,"Sep '24 Sep 30, 2024","1,079,844",Financials in USD,Fiscal year is January - December
BSPK,annual,FY 2023,"Dec '23 Dec 31, 2023","785,453",Financials in USD,Fiscal year is January - December
BSPK,annual,FY 2022,"Dec '22 Dec 31, 2022","3,407",Financials in USD,Fiscal year is January - December
BSPK,annual,FY 2021,"Dec '21 Dec 31, 2021","13,938",Financials in USD,Fiscal year is January - December
BSPK,annual,FY 2021,"Aug '21 Aug 31, 2021","35,566",Financials in USD,Fiscal year is January - December
BSPK,annual,FY 2020,"Dec '20 Dec 31, 2020","25,065",Financials in USD,Fiscal year is January - December
BSPK,annual,2019 - 2015,2019 - 2015,Upgrade,Financials in USD,Fiscal year is January - December
BSPK,annual,Currency,,Financials in USD,Financials in USD,Fiscal year is January - December
BSPK,annual,Fiscal_Year_period,,Fiscal year is January - December,Financials in USD,Fiscal year is January - December
BSPK,quarterly,Q3 2024,"Sep '24 Sep 30, 2024","277,471",Financials in USD,Fiscal year is January - December
BSPK,quarterly,Q2 2024,"Jun '24 Jun 30, 2024","278,163",Financials in USD,Fiscal year is January - December
BSPK,quarterly,Q1 2024,"Mar '24 Mar 31, 2024","260,428",Financials in USD,Fiscal year is January - December
BSPK,quarterly,Q4 2023,"Dec '23 Dec 31, 2023","263,782",Financials in USD,Fiscal year is January - December
BSPK,quarterly,Q3 2023,"Sep '23 Sep 30, 2023","244,408",Financials in USD,Fiscal year is January - December
BSPK,quarterly,Q2 2023,"Jun '23 Jun 30, 2023","188,247",Financials in USD,Fiscal year is January - December
BSPK,quarterly,Q1 2023,"Mar '23 Mar 31, 2023","89,016",Financials in USD,Fiscal year is January - December
BSPK,quarterly,Q4 2022,"Dec '22 Dec 31, 2022",-,Financials in USD,Fiscal year is January - December
BSPK,quarterly,Q3 2022,"Sep '22 Sep 30, 2022",-,Financials in USD,Fiscal year is January - December
BSPK,quarterly,Q2 2022,"Jun '22 Jun 30, 2022",346,Financials in USD,Fiscal year is January - December
BSPK,quarterly,Q1 2022,"Mar '22 Mar 31, 2022","3,061",Financials in USD,Fiscal year is January - December
BSPK,quarterly,Q4 2021,"Dec '21 Dec 31, 2021","-15,610",Financials in USD,Fiscal year is January - December
BSPK,quarterly,Q3 2021,"Sep '21 Sep 30, 2021","9,544",Financials in USD,Fiscal year is January - December
BSPK,quarterly,Q2 2021,"Jun '21 Jun 30, 2021","14,256",Financials in USD,Fiscal year is January - December
BSPK,quarterly,Q1 2021,"Mar '21 Mar 31, 2021","5,748",Financials in USD,Fiscal year is January - December
BSPK,quarterly,Q1 2021,"Nov '20 Nov 30, 2020","7,539",Financials in USD,Fiscal year is January - December
BSPK,quarterly,Q4 2020,"Aug '20 Aug 31, 2020","6,315",Financials in USD,Fiscal year is January - December
BSPK,quarterly,Q3 2020,"May '20 May 31, 2020",-,Financials in USD,Fiscal year is January - December
BSPK,quarterly,Q2 2020,"Feb '20 Feb 29, 2020",-,Financials in USD,Fiscal year is January - December
BSPK,quarterly,Q1 2020,"Nov '19 Nov 30, 2019","1,739",Financials in USD,Fiscal year is January - December
BSPK,quarterly,+20 Quarters,+20 Quarters,Upgrade,Financials in USD,Fiscal year is January - December
BSPK,quarterly,Currency,,Financials in USD,Financials in USD,Fiscal year is January - December
BSPK,quarterly,Fiscal_Year_period,,Fiscal year is January - December,Financials in USD,Fiscal year is January - December
BXRXQ,annual,TTM,"Sep '23 Sep 30, 2023","1,269,000",Financials in USD,Fiscal year is January - December
BXRXQ,annual,FY 2022,"Dec '22 Dec 31, 2022","1,269,000",Financials in USD,Fiscal year is January - December
BXRXQ,annual,FY 2021,"Dec '21 Dec 31, 2021","1,080,000",Financials in USD,Fiscal year is January - December
BXRXQ,annual,FY 2020,"Dec '20 Dec 31, 2020","493,000",Financials in USD,Fiscal year is January - December
BXRXQ,annual,FY 2019,"Dec '19 Dec 31, 2019",-,Financials in USD,Fiscal year is January - December
BXRXQ,annual,FY 2018,"Dec '18 Dec 31, 2018",-,Financials in USD,Fiscal year is January - December
BXRXQ,annual,2017,2017,Upgrade,Financials in USD,Fiscal year is January - December
BXRXQ,annual,Currency,,Financials in USD,Financials in USD,Fiscal year is January - December
BXRXQ,annual,Fiscal_Year_period,,Fiscal year is January - December,Financials in USD,Fiscal year is January - December
BXRXQ,quarterly,Q3 2023,"Sep '23 Sep 30, 2023",-,Financials in USD,Fiscal year is January - December
BXRXQ,quarterly,Q2 2023,"Jun '23 Jun 30, 2023",-,Financials in USD,Fiscal year is January - December
BXRXQ,quarterly,Q1 2023,"Mar '23 Mar 31, 2023",-,Financials in USD,Fiscal year is January - December
BXRXQ,quarterly,Q4 2022,"Dec '22 Dec 31, 2022","310,000",Financials in USD,Fiscal year is January - December
BXRXQ,quarterly,Q3 2022,"Sep '22 Sep 30, 2022",-,Financials in USD,Fiscal year is January - December
BXRXQ,quarterly,Q2 2022,"Jun '22 Jun 30, 2022",-,Financials in USD,Fiscal year is January - December
BXRXQ,quarterly,Q1 2022,"Mar '22 Mar 31, 2022",-,Financials in USD,Fiscal year is January - December
BXRXQ,quarterly,Q4 2021,"Dec '21 Dec 31, 2021","400,000",Financials in USD,Fiscal year is January - December
BXRXQ,quarterly,Q3 2021,"Sep '21 Sep 30, 2021","281,000",Financials in USD,Fiscal year is January - December
BXRXQ,quarterly,Q2 2021,"Jun '21 Jun 30, 2021","201,000",Financials in USD,Fiscal year is January - December
BXRXQ,quarterly,Q1 2021,"Mar '21 Mar 31, 2021","198,000",Financials in USD,Fiscal year is January - December
BXRXQ,quarterly,Q4 2020,"Dec '20 Dec 31, 2020","76,000",Financials in USD,Fiscal year is January - December
BXRXQ,quarterly,Q3 2020,"Sep '20 Sep 30, 2020","68,000",Financials in USD,Fiscal year is January - December
BXRXQ,quarterly,Q2 2020,"Jun '20 Jun 30, 2020","349,000",Financials in USD,Fiscal year is January - December
BXRXQ,quarterly,Q1 2020,"Mar '20 Mar 31, 2020",-,Financials in USD,Fiscal year is January - December
BXRXQ,quarterly,Q4 2019,"Dec '19 Dec 31, 2019",-,Financials in USD,Fiscal year is January - December
BXRXQ,quarterly,Q3 2019,"Sep '19 Sep 30, 2019",-,Financials in USD,Fiscal year is January - December
BXRXQ,quarterly,Q2 2019,"Jun '19 Jun 30, 2019",-,Financials in USD,Fiscal year is January - December
BXRXQ,quarterly,Q1 2019,"Mar '19 Mar 31, 2019",-,Financials in USD,Fiscal year is January - December
BXRXQ,quarterly,Q4 2018,"Dec '18 Dec 31, 2018",-,Financials in USD,Fiscal year is January - December
BXRXQ,quarterly,+3 Quarters,+3 Quarters,Upgrade,Financials in USD,Fiscal year is January - December
BXRXQ,quarterly,Currency,,Financials in USD,Financials in USD,Fiscal year is January - December
BXRXQ,quarterly,Fiscal_Year_period,,Fiscal year is January - December,Financials in USD,Fiscal year is January - December
CALA,annual,TTM,"Dec '22 Dec 31, 2022",-,Financials in USD,Fiscal year is January - December
CALA,annual,FY 2022,"Dec '22 Dec 31, 2022",-,Financials in USD,Fiscal year is January - December
CALA,annual,FY 2021,"Dec '21 Dec 31, 2021","9,750,000",Financials in USD,Fiscal year is January - December
CALA,annual,FY 2020,"Dec '20 Dec 31, 2020",-,Financials in USD,Fiscal year is January - December
CALA,annual,FY 2019,"Dec '19 Dec 31, 2019",-,Financials in USD,Fiscal year is January - December
CALA,annual,FY 2018,"Dec '18 Dec 31, 2018","22,254,000",Financials in USD,Fiscal year is January - December
CALA,annual,2017 - 2013,2017 - 2013,Upgrade,Financials in USD,Fiscal year is January - December
CALA,annual,Currency,,Financials in USD,Financials in USD,Fiscal year is January - December
CALA,annual,Fiscal_Year_period,,Fiscal year is January - December,Financials in USD,Fiscal year is January - December
CALA,quarterly,Q4 2022,"Dec '22 Dec 31, 2022",-,Financials in USD,Fiscal year is January - December
CALA,quarterly,Q3 2022,"Sep '22 Sep 30, 2022",-,Financials in USD,Fiscal year is January - December
CALA,quarterly,Q2 2022,"Jun '22 Jun 30, 2022",-,Financials in USD,Fiscal year is January - December
CALA,quarterly,Q1 2022,"Mar '22 Mar 31, 2022",-,Financials in USD,Fiscal year is January - December
CALA,quarterly,Q4 2021,"Dec '21 Dec 31, 2021",-,Financials in USD,Fiscal year is January - December
CALA,quarterly,Q3 2021,"Sep '21 Sep 30, 2021","6,750,000",Financials in USD,Fiscal year is January - December
CALA,quarterly,Q2 2021,"Jun '21 Jun 30, 2021","3,000,000",Financials in USD,Fiscal year is January - December
CALA,quarterly,Q1 2021,"Mar '21 Mar 31, 2021",-,Financials in USD,Fiscal year is January - December
CALA,quarterly,Q4 2020,"Dec '20 Dec 31, 2020",-,Financials in USD,Fiscal year is January - December
CALA,quarterly,Q3 2020,"Sep '20 Sep 30, 2020",-,Financials in USD,Fiscal year is January - December
CALA,quarterly,Q2 2020,"Jun '20 Jun 30, 2020",-,Financials in USD,Fiscal year is January - December
CALA,quarterly,Q1 2020,"Mar '20 Mar 31, 2020",-,Financials in USD,Fiscal year is January - December
CALA,quarterly,Q4 2019,"Dec '19 Dec 31, 2019",-,Financials in USD,Fiscal year is January - December
CALA,quarterly,Q3 2019,"Sep '19 Sep 30, 2019",-,Financials in USD,Fiscal year is January - December
CALA,quarterly,Q2 2019,"Jun '19 Jun 30, 2019",-,Financials in USD,Fiscal year is January - December
CALA,quarterly,Q1 2019,"Mar '19 Mar 31, 2019",-,Financials in USD,Fiscal year is January - December
CALA,quarterly,Q4 2018,"Dec '18 Dec 31, 2018",-,Financials in USD,Fiscal year is January - December
CALA,quarterly,Q3 2018,"Sep '18 Sep 30, 2018",-,Financials in USD,Fiscal year is January - December
CALA,quarterly,Q2 2018,"Jun '18 Jun 30, 2018","17,065,000",Financials in USD,Fiscal year is January - December
CALA,quarterly,Q1 2018,"Mar '18 Mar 31, 2018","5,189,000",Financials in USD,Fiscal year is January - December
CALA,quarterly,+20 Quarters,+20 Quarters,Upgrade,Financials in USD,Fiscal year is January - December
CALA,quarterly,Currency,,Financials in USD,Financials in USD,Fiscal year is January - December
CALA,quarterly,Fiscal_Year_period,,Fiscal year is January - December,Financials in USD,Fiscal year is January - December
CBDL,annual,TTM,"Mar '24 Mar 31, 2024","178,448",Financials in USD,Fiscal year is January - December
CBDL,annual,FY 2023,"Dec '23 Dec 31, 2023","167,147",Financials in USD,Fiscal year is January - December
CBDL,annual,FY 2022,"Dec '22 Dec 31, 2022","160,241",Financials in USD,Fiscal year is January - December
CBDL,annual,FY 2021,"Dec '21 Dec 31, 2021","83,386",Financials in USD,Fiscal year is January - December
CBDL,annual,FY 2020,"Dec '20 Dec 31, 2020","225,897",Financials in USD,Fiscal year is January - December
CBDL,annual,FY 2019,"Dec '19 Dec 31, 2019","79,635",Financials in USD,Fiscal year is January - December
CBDL,annual,2018 - 2017,2018 - 2017,Upgrade,Financials in USD,Fiscal year is January - December
CBDL,annual,Currency,,Financials in USD,Financials in USD,Fiscal year is January - December
CBDL,annual,Fiscal_Year_period,,Fiscal year is January - December,Financials in USD,Fiscal year is January - December
CBDL,quarterly,Q1 2024,"Mar '24 Mar 31, 2024","42,850",Financials in USD,Fiscal year is January - December
CBDL,quarterly,Q1 2023,"Mar '23 Mar 31, 2023","31,549",Financials in USD,Fiscal year is January - December
CBDL,quarterly,Q2 2022,"Jun '22 Jun 30, 2022","49,360",Financials in USD,Fiscal year is January - December
CBDL,quarterly,Q1 2022,"Mar '22 Mar 31, 2022","46,777",Financials in USD,Fiscal year is January - December
CBDL,quarterly,Q4 2021,"Dec '21 Dec 31, 2021","22,318",Financials in USD,Fiscal year is January - December
CBDL,quarterly,Q3 2021,"Sep '21 Sep 30, 2021","22,318",Financials in USD,Fiscal year is January - December
CBDL,quarterly,Q2 2021,"Jun '21 Jun 30, 2021","14,400",Financials in USD,Fiscal year is January - December
CBDL,quarterly,Q1 2021,"Mar '21 Mar 31, 2021","19,375",Financials in USD,Fiscal year is January - December
CBDL,quarterly,Q3 2020,"Sep '20 Sep 30, 2020","120,950",Financials in USD,Fiscal year is January - December
CBDL,quarterly,Q4 2019,"Dec '19 Dec 31, 2019","15,906",Financials in USD,Fiscal year is January - December
CBDL,quarterly,Q3 2019,"Sep '19 Sep 30, 2019","11,656",Financials in USD,Fiscal year is January - December
CBDL,quarterly,Q1 2019,"Mar '19 Mar 31, 2019","28,903",Financials in USD,Fiscal year is January - December
CBDL,quarterly,Q4 2018,"Dec '18 Dec 31, 2018",-,Financials in USD,Fiscal year is January - December
CBDL,quarterly,Q3 2018,"Sep '18 Sep 30, 2018","189,000",Financials in USD,Fiscal year is January - December
CBDL,quarterly,Q1 2018,"Mar '18 Mar 31, 2018","150,000",Financials in USD,Fiscal year is January - December
CBDL,quarterly,Currency,,Financials in USD,Financials in USD,Fiscal year is January - December
CBDL,quarterly,Fiscal_Year_period,,Fiscal year is January - December,Financials in USD,Fiscal year is January - December
CBGL,annual,TTM,"Aug '22 Aug 31, 2022","1,058,400",Financials in USD,Fiscal year is September - August
CBGL,annual,FY 2022,"Aug '22 Aug 31, 2022","1,058,400",Financials in USD,Fiscal year is September - August
CBGL,annual,FY 2021,"Aug '21 Aug 31, 2021","1,601,037",Financials in USD,Fiscal year is September - August
CBGL,annual,FY 2020,"Aug '20 Aug 31, 2020","27,004",Financials in USD,Fiscal year is September - August
CBGL,annual,FY 2019,"Aug '19 Aug 31, 2019",-,Financials in USD,Fiscal year is September - August
CBGL,annual,FY 2018,"Aug '18 Aug 31, 2018",-,Financials in USD,Fiscal year is September - August
CBGL,annual,2017 - 2013,2017 - 2013,Upgrade,Financials in USD,Fiscal year is September - August
CBGL,annual,Currency,,Financials in USD,Financials in USD,Fiscal year is September - August
CBGL,annual,Fiscal_Year_period,,Fiscal year is September - August,Financials in USD,Fiscal year is September - August
CBGL,quarterly,Q4 2022,"Aug '22 Aug 31, 2022","-930,958",Financials in USD,Fiscal year is September - August
CBGL,quarterly,Q3 2022,"May '22 May 31, 2022","792,406",Financials in USD,Fiscal year is September - August
CBGL,quarterly,Q2 2022,"Feb '22 Feb 28, 2022","627,390",Financials in USD,Fiscal year is September - August
CBGL,quarterly,Q1 2022,"Nov '21 Nov 30, 2021","569,562",Financials in USD,Fiscal year is September - August
CBGL,quarterly,Q4 2021,"Aug '21 Aug 31, 2021","630,320",Financials in USD,Fiscal year is September - August
CBGL,quarterly,Q3 2021,"May '21 May 31, 2021","940,491",Financials in USD,Fiscal year is September - August
CBGL,quarterly,Q2 2021,"Feb '21 Feb 28, 2021","25,816",Financials in USD,Fiscal year is September - August
CBGL,quarterly,Q1 2021,"Nov '20 Nov 30, 2020","4,530",Financials in USD,Fiscal year is September - August
CBGL,quarterly,Q4 2020,"Aug '20 Aug 31, 2020","-2,749",Financials in USD,Fiscal year is September - August
CBGL,quarterly,Q3 2020,"May '20 May 31, 2020","19,750",Financials in USD,Fiscal year is September - August
CBGL,quarterly,Q2 2020,"Feb '20 Feb 29, 2020",-,Financials in USD,Fiscal year is September - August
CBGL,quarterly,Q1 2020,"Nov '19 Nov 30, 2019","10,003",Financials in USD,Fiscal year is September - August
CBGL,quarterly,Q4 2019,"Aug '19 Aug 31, 2019",-,Financials in USD,Fiscal year is September - August
CBGL,quarterly,Q3 2019,"May '19 May 31, 2019",-,Financials in USD,Fiscal year is September - August
CBGL,quarterly,Q2 2019,"Feb '19 Feb 28, 2019",-,Financials in USD,Fiscal year is September - August
CBGL,quarterly,Q1 2019,"Nov '18 Nov 30, 2018",-,Financials in USD,Fiscal year is September - August
CBGL,quarterly,Q4 2018,"Aug '18 Aug 31, 2018",-,Financials in USD,Fiscal year is September - August
CBGL,quarterly,Q3 2018,"May '18 May 31, 2018",-,Financials in USD,Fiscal year is September - August
CBGL,quarterly,Q2 2018,"Feb '18 Feb 28, 2018",-,Financials in USD,Fiscal year is September - August
CBGL,quarterly,Q1 2018,"Nov '17 Nov 30, 2017",-,Financials in USD,Fiscal year is September - August
CBGL,quarterly,+20 Quarters,+20 Quarters,Upgrade,Financials in USD,Fiscal year is September - August
CBGL,quarterly,Currency,,Financials in USD,Financials in USD,Fiscal year is September - August
CBGL,quarterly,Fiscal_Year_period,,Fiscal year is September - August,Financials in USD,Fiscal year is September - August
CHUC,annual,TTM,"Sep '24 Sep 30, 2024","12,262,000",Financials in USD,Fiscal year is January - December
CHUC,annual,FY 2023,"Dec '23 Dec 31, 2023","16,250,000",Financials in USD,Fiscal year is January - December
CHUC,annual,FY 2022,"Dec '22 Dec 31, 2022","26,424,000",Financials in USD,Fiscal year is January - December
CHUC,annual,FY 2021,"Dec '21 Dec 31, 2021","21,496,000",Financials in USD,Fiscal year is January - December
CHUC,annual,FY 2020,"Dec '20 Dec 31, 2020","16,692,000",Financials in USD,Fiscal year is January - December
CHUC,annual,FY 2019,"Dec '19 Dec 31, 2019","22,740,000",Financials in USD,Fiscal year is January - December
CHUC,annual,2018 - 2017,2018 - 2017,Upgrade,Financials in USD,Fiscal year is January - December
CHUC,annual,Currency,,Financials in USD,Financials in USD,Fiscal year is January - December
CHUC,annual,Fiscal_Year_period,,Fiscal year is January - December,Financials in USD,Fiscal year is January - December
CHUC,quarterly,Q3 2024,"Sep '24 Sep 30, 2024","1,624,000",Financials in USD,Fiscal year is January - December
CHUC,quarterly,Q2 2024,"Jun '24 Jun 30, 2024","2,043,000",Financials in USD,Fiscal year is January - December
CHUC,quarterly,Q1 2024,"Mar '24 Mar 31, 2024","3,051,000",Financials in USD,Fiscal year is January - December
CHUC,quarterly,Q4 2023,"Dec '23 Dec 31, 2023","5,544,000",Financials in USD,Fiscal year is January - December
CHUC,quarterly,Q3 2023,"Sep '23 Sep 30, 2023","2,706,000",Financials in USD,Fiscal year is January - December
CHUC,quarterly,Q2 2023,"Jun '23 Jun 30, 2023","3,970,000",Financials in USD,Fiscal year is January - December
CHUC,quarterly,Q1 2023,"Mar '23 Mar 31, 2023","4,030,000",Financials in USD,Fiscal year is January - December
CHUC,quarterly,Q4 2022,"Dec '22 Dec 31, 2022","4,526,000",Financials in USD,Fiscal year is January - December
CHUC,quarterly,Q3 2022,"Sep '22 Sep 30, 2022","6,427,000",Financials in USD,Fiscal year is January - December
CHUC,quarterly,Q2 2022,"Jun '22 Jun 30, 2022","7,397,000",Financials in USD,Fiscal year is January - December
CHUC,quarterly,Q1 2022,"Mar '22 Mar 31, 2022","8,074,000",Financials in USD,Fiscal year is January - December
CHUC,quarterly,Q4 2021,"Dec '21 Dec 31, 2021","6,483,000",Financials in USD,Fiscal year is January - December
CHUC,quarterly,Q3 2021,"Sep '21 Sep 30, 2021","5,219,000",Financials in USD,Fiscal year is January - December
CHUC,quarterly,Q2 2021,"Jun '21 Jun 30, 2021","5,433,000",Financials in USD,Fiscal year is January - December
CHUC,quarterly,Q1 2021,"Mar '21 Mar 31, 2021","4,361,000",Financials in USD,Fiscal year is January - December
CHUC,quarterly,Q4 2020,"Dec '20 Dec 31, 2020","4,230,000",Financials in USD,Fiscal year is January - December
CHUC,quarterly,Q3 2020,"Sep '20 Sep 30, 2020","3,894,000",Financials in USD,Fiscal year is January - December
CHUC,quarterly,Q2 2020,"Jun '20 Jun 30, 2020","4,163,000",Financials in USD,Fiscal year is January - December
CHUC,quarterly,Q1 2020,"Mar '20 Mar 31, 2020","4,405,000",Financials in USD,Fiscal year is January - December
CHUC,quarterly,Q4 2019,"Dec '19 Dec 31, 2019","3,684,000",Financials in USD,Fiscal year is January - December
CHUC,quarterly,+7 Quarters,+7 Quarters,Upgrade,Financials in USD,Fiscal year is January - December
CHUC,quarterly,Currency,,Financials in USD,Financials in USD,Fiscal year is January - December
CHUC,quarterly,Fiscal_Year_period,,Fiscal year is January - December,Financials in USD,Fiscal year is January - December
CMRA,annual,TTM,"Sep '23 Sep 30, 2023","1,000,400",Financials in USD,Fiscal year is January - December
CMRA,annual,FY 2022,"Dec '22 Dec 31, 2022","633,102",Financials in USD,Fiscal year is January - December
CMRA,annual,FY 2021,"Dec '21 Dec 31, 2021","319,832",Financials in USD,Fiscal year is January - December
CMRA,annual,FY 2020,"Dec '20 Dec 31, 2020","442,919",Financials in USD,Fiscal year is January - December
CMRA,annual,Currency,,Financials in USD,Financials in USD,Fiscal year is January - December
CMRA,annual,Fiscal_Year_period,,Fiscal year is January - December,Financials in USD,Fiscal year is January - December
CMRA,quarterly,Q3 2023,"Sep '23 Sep 30, 2023","136,310",Financials in USD,Fiscal year is January - December
CMRA,quarterly,Q2 2023,"Jun '23 Jun 30, 2023","315,055",Financials in USD,Fiscal year is January - December
CMRA,quarterly,Q1 2023,"Mar '23 Mar 31, 2023","392,915",Financials in USD,Fiscal year is January - December
CMRA,quarterly,Q4 2022,"Dec '22 Dec 31, 2022","156,120",Financials in USD,Fiscal year is January - December
CMRA,quarterly,Q3 2022,"Sep '22 Sep 30, 2022","234,922",Financials in USD,Fiscal year is January - December
CMRA,quarterly,Q2 2022,"Jun '22 Jun 30, 2022","146,726",Financials in USD,Fiscal year is January - December
CMRA,quarterly,Q1 2022,"Mar '22 Mar 31, 2022","95,334",Financials in USD,Fiscal year is January - December
CMRA,quarterly,Q4 2021,"Dec '21 Dec 31, 2021","73,334",Financials in USD,Fiscal year is January - December
CMRA,quarterly,Q3 2021,"Sep '21 Sep 30, 2021","87,767",Financials in USD,Fiscal year is January - December
CMRA,quarterly,Q2 2021,"Jun '21 Jun 30, 2021","70,917",Financials in USD,Fiscal year is January - December
CMRA,quarterly,Q1 2021,"Mar '21 Mar 31, 2021","87,814",Financials in USD,Fiscal year is January - December
CMRA,quarterly,Currency,,Financials in USD,Financials in USD,Fiscal year is January - December
CMRA,quarterly,Fiscal_Year_period,,Fiscal year is January - December,Financials in USD,Fiscal year is January - December
CNBX,annual,TTM,"Aug '24 Aug 31, 2024","130,074",Financials in USD,Fiscal year is September - August
CNBX,annual,FY 2024,"Aug '24 Aug 31, 2024","130,074",Financials in USD,Fiscal year is September - August
CNBX,annual,FY 2023,"Aug '23 Aug 31, 2023","410,165",Financials in USD,Fiscal year is September - August
CNBX,annual,FY 2022,"Aug '22 Aug 31, 2022","29,958",Financials in USD,Fiscal year is September - August
CNBX,annual,FY 2021,"Aug '21 Aug 31, 2021",-,Financials in USD,Fiscal year is September - August
CNBX,annual,FY 2020,"Aug '20 Aug 31, 2020","7,157",Financials in USD,Fiscal year is September - August
CNBX,annual,2019 - 2015,2019 - 2015,Upgrade,Financials in USD,Fiscal year is September - August
CNBX,annual,Currency,,Financials in USD,Financials in USD,Fiscal year is September - August
CNBX,annual,Fiscal_Year_period,,Fiscal year is September - August,Financials in USD,Fiscal year is September - August
CNBX,quarterly,Q4 2024,"Aug '24 Aug 31, 2024",-,Financials in USD,Fiscal year is September - August
CNBX,quarterly,Q3 2024,"May '24 May 31, 2024",-,Financials in USD,Fiscal year is September - August
CNBX,quarterly,Q2 2024,"Feb '24 Feb 29, 2024","40,637",Financials in USD,Fiscal year is September - August
CNBX,quarterly,Q1 2024,"Nov '23 Nov 30, 2023","89,437",Financials in USD,Fiscal year is September - August
CNBX,quarterly,Q4 2023,"Aug '23 Aug 31, 2023","100,000",Financials in USD,Fiscal year is September - August
CNBX,quarterly,Q3 2023,"May '23 May 31, 2023","310,165",Financials in USD,Fiscal year is September - August
CNBX,quarterly,Q2 2023,"Feb '23 Feb 28, 2023",-,Financials in USD,Fiscal year is September - August
CNBX,quarterly,Q1 2023,"Nov '22 Nov 30, 2022",-,Financials in USD,Fiscal year is September - August
CNBX,quarterly,Q4 2022,"Aug '22 Aug 31, 2022","29,958",Financials in USD,Fiscal year is September - August
CNBX,quarterly,Q3 2022,"May '22 May 31, 2022",-,Financials in USD,Fiscal year is September - August
CNBX,quarterly,Q2 2022,"Feb '22 Feb 28, 2022",-,Financials in USD,Fiscal year is September - August
CNBX,quarterly,Q1 2022,"Nov '21 Nov 30, 2021",-,Financials in USD,Fiscal year is September - August
CNBX,quarterly,Q4 2021,"Aug '21 Aug 31, 2021",-,Financials in USD,Fiscal year is September - August
CNBX,quarterly,Q3 2021,"May '21 May 31, 2021",-,Financials in USD,Fiscal year is September - August
CNBX,quarterly,Q2 2021,"Feb '21 Feb 28, 2021",-,Financials in USD,Fiscal year is September - August
CNBX,quarterly,Q1 2021,"Nov '20 Nov 30, 2020",-,Financials in USD,Fiscal year is September - August
CNBX,quarterly,Q4 2020,"Aug '20 Aug 31, 2020","2,207",Financials in USD,Fiscal year is September - August
CNBX,quarterly,Q3 2020,"May '20 May 31, 2020","1,886",Financials in USD,Fiscal year is September - August
CNBX,quarterly,Q2 2020,"Feb '20 Feb 29, 2020","1,310",Financials in USD,Fiscal year is September - August
CNBX,quarterly,Q1 2020,"Nov '19 Nov 30, 2019","1,754",Financials in USD,Fiscal year is September - August
CNBX,quarterly,+20 Quarters,+20 Quarters,Upgrade,Financials in USD,Fiscal year is September - August
CNBX,quarterly,Currency,,Financials in USD,Financials in USD,Fiscal year is September - August
CNBX,quarterly,Fiscal_Year_period,,Fiscal year is September - August,Financials in USD,Fiscal year is September - August
CRLBF,annual,TTM,"Sep '24 Sep 30, 2024","726,352,000",Financials in USD,Fiscal year is January - December
CRLBF,annual,FY 2023,"Dec '23 Dec 31, 2023","756,056,000",Financials in USD,Fiscal year is January - December
CRLBF,annual,FY 2022,"Dec '22 Dec 31, 2022","824,929,000",Financials in USD,Fiscal year is January - December
CRLBF,annual,FY 2021,"Dec '21 Dec 31, 2021","805,684,000",Financials in USD,Fiscal year is January - December
CRLBF,annual,FY 2020,"Dec '20 Dec 31, 2020","463,084,000",Financials in USD,Fiscal year is January - December
CRLBF,annual,FY 2019,"Dec '19 Dec 31, 2019","124,193,000",Financials in USD,Fiscal year is January - December
CRLBF,annual,2018 - 2016,2018 - 2016,Upgrade,Financials in USD,Fiscal year is January - December
CRLBF,annual,Currency,,Financials in USD,Financials in USD,Fiscal year is January - December
CRLBF,annual,Fiscal_Year_period,,Fiscal year is January - December,Financials in USD,Fiscal year is January - December
CRLBF,quarterly,Q3 2024,"Sep '24 Sep 30, 2024","178,457,000",Financials in USD,Fiscal year is January - December
CRLBF,quarterly,Q2 2024,"Jun '24 Jun 30, 2024","181,176,000",Financials in USD,Fiscal year is January - December
CRLBF,quarterly,Q1 2024,"Mar '24 Mar 31, 2024","181,705,000",Financials in USD,Fiscal year is January - December
CRLBF,quarterly,Q4 2023,"Dec '23 Dec 31, 2023","185,014,000",Financials in USD,Fiscal year is January - December
CRLBF,quarterly,Q3 2023,"Sep '23 Sep 30, 2023","186,926,000",Financials in USD,Fiscal year is January - December
CRLBF,quarterly,Q2 2023,"Jun '23 Jun 30, 2023","193,626,000",Financials in USD,Fiscal year is January - December
CRLBF,quarterly,Q1 2023,"Mar '23 Mar 31, 2023","190,490,000",Financials in USD,Fiscal year is January - December
CRLBF,quarterly,Q4 2022,"Dec '22 Dec 31, 2022","195,811,000",Financials in USD,Fiscal year is January - December
CRLBF,quarterly,Q3 2022,"Sep '22 Sep 30, 2022","206,426,000",Financials in USD,Fiscal year is January - December
CRLBF,quarterly,Q2 2022,"Jun '22 Jun 30, 2022","213,213,000",Financials in USD,Fiscal year is January - December
CRLBF,quarterly,Q1 2022,"Mar '22 Mar 31, 2022","209,479,000",Financials in USD,Fiscal year is January - December
CRLBF,quarterly,Q4 2021,"Dec '21 Dec 31, 2021","212,920,000",Financials in USD,Fiscal year is January - December
CRLBF,quarterly,Q3 2021,"Sep '21 Sep 30, 2021","212,773,000",Financials in USD,Fiscal year is January - December
CRLBF,quarterly,Q2 2021,"Jun '21 Jun 30, 2021","205,504,000",Financials in USD,Fiscal year is January - December
CRLBF,quarterly,Q1 2021,"Mar '21 Mar 31, 2021","174,487,000",Financials in USD,Fiscal year is January - December
CRLBF,quarterly,Q4 2020,"Dec '20 Dec 31, 2020","157,676,000",Financials in USD,Fiscal year is January - December
CRLBF,quarterly,Q3 2020,"Sep '20 Sep 30, 2020","148,987,000",Financials in USD,Fiscal year is January - December
CRLBF,quarterly,Q2 2020,"Jun '20 Jun 30, 2020","91,909,000",Financials in USD,Fiscal year is January - December
CRLBF,quarterly,Q1 2020,"Mar '20 Mar 31, 2020","64,512,000",Financials in USD,Fiscal year is January - December
CRLBF,quarterly,Q4 2019,"Dec '19 Dec 31, 2019","39,817,000",Financials in USD,Fiscal year is January - December
CRLBF,quarterly,+11 Quarters,+11 Quarters,Upgrade,Financials in USD,Fiscal year is January - December
CRLBF,quarterly,Currency,,Financials in USD,Financials in USD,Fiscal year is January - December
CRLBF,quarterly,Fiscal_Year_period,,Fiscal year is January - December,Financials in USD,Fiscal year is January - December
CURLF,annual,TTM,"Sep '24 Sep 30, 2024","1,357,017,000",Financials in USD,Fiscal year is January - December
CURLF,annual,FY 2023,"Dec '23 Dec 31, 2023","1,346,632,000",Financials in USD,Fiscal year is January - December
CURLF,annual,FY 2022,"Dec '22 Dec 31, 2022","1,275,420,000",Financials in USD,Fiscal year is January - December
CURLF,annual,FY 2021,"Dec '21 Dec 31, 2021","1,195,987,000",Financials in USD,Fiscal year is January - December
CURLF,annual,FY 2020,"Dec '20 Dec 31, 2020","626,637,000",Financials in USD,Fiscal year is January - December
CURLF,annual,FY 2019,"Dec '19 Dec 31, 2019","221,018,000",Financials in USD,Fiscal year is January - December
CURLF,annual,2018 - 2016,2018 - 2016,Upgrade,Financials in USD,Fiscal year is January - December
CURLF,annual,Currency,,Financials in USD,Financials in USD,Fiscal year is January - December
CURLF,annual,Fiscal_Year_period,,Fiscal year is January - December,Financials in USD,Fiscal year is January - December
CURLF,quarterly,Q3 2024,"Sep '24 Sep 30, 2024","330,530,000",Financials in USD,Fiscal year is January - December
CURLF,quarterly,Q2 2024,"Jun '24 Jun 30, 2024","342,286,000",Financials in USD,Fiscal year is January - December
CURLF,quarterly,Q1 2024,"Mar '24 Mar 31, 2024","338,932,000",Financials in USD,Fiscal year is January - December
CURLF,quarterly,Q4 2023,"Dec '23 Dec 31, 2023","345,269,000",Financials in USD,Fiscal year is January - December
CURLF,quarterly,Q3 2023,"Sep '23 Sep 30, 2023","333,172,000",Financials in USD,Fiscal year is January - December
CURLF,quarterly,Q2 2023,"Jun '23 Jun 30, 2023","335,551,000",Financials in USD,Fiscal year is January - December
CURLF,quarterly,Q1 2023,"Mar '23 Mar 31, 2023","332,640,000",Financials in USD,Fiscal year is January - December
CURLF,quarterly,Q4 2022,"Dec '22 Dec 31, 2022","340,188,000",Financials in USD,Fiscal year is January - December
CURLF,quarterly,Q3 2022,"Sep '22 Sep 30, 2022","325,813,000",Financials in USD,Fiscal year is January - December
CURLF,quarterly,Q2 2022,"Jun '22 Jun 30, 2022","313,366,000",Financials in USD,Fiscal year is January - December
CURLF,quarterly,Q1 2022,"Mar '22 Mar 31, 2022","296,053,000",Financials in USD,Fiscal year is January - December
CURLF,quarterly,Q4 2021,"Dec '21 Dec 31, 2021","308,675,000",Financials in USD,Fiscal year is January - December
CURLF,quarterly,Q3 2021,"Sep '21 Sep 30, 2021","315,699,000",Financials in USD,Fiscal year is January - December
CURLF,quarterly,Q2 2021,"Jun '21 Jun 30, 2021","311,293,000",Financials in USD,Fiscal year is January - December
CURLF,quarterly,Q1 2021,"Mar '21 Mar 31, 2021","260,320,000",Financials in USD,Fiscal year is January - December
CURLF,quarterly,Q4 2020,"Dec '20 Dec 31, 2020","230,252,000",Financials in USD,Fiscal year is January - December
CURLF,quarterly,Q3 2020,"Sep '20 Sep 30, 2020","182,408,000",Financials in USD,Fiscal year is January - December
CURLF,quarterly,Q2 2020,"Jun '20 Jun 30, 2020","117,480,000",Financials in USD,Fiscal year is January - December
CURLF,quarterly,Q1 2020,"Mar '20 Mar 31, 2020","96,496,000",Financials in USD,Fiscal year is January - December
CURLF,quarterly,Q4 2019,"Dec '19 Dec 31, 2019","75,456,000",Financials in USD,Fiscal year is January - December
CURLF,quarterly,+11 Quarters,+11 Quarters,Upgrade,Financials in USD,Fiscal year is January - December
CURLF,quarterly,Currency,,Financials in USD,Financials in USD,Fiscal year is January - December
CURLF,quarterly,Fiscal_Year_period,,Fiscal year is January - December,Financials in USD,Fiscal year is January - December
CVSI,annual,TTM,"Sep '24 Sep 30, 2024","15,622,000",Financials in USD,Fiscal year is January - December
CVSI,annual,FY 2023,"Dec '23 Dec 31, 2023","16,004,000",Financials in USD,Fiscal year is January - December
CVSI,annual,FY 2022,"Dec '22 Dec 31, 2022","16,205,000",Financials in USD,Fiscal year is January - December
CVSI,annual,FY 2021,"Dec '21 Dec 31, 2021","20,048,000",Financials in USD,Fiscal year is January - December
CVSI,annual,FY 2020,"Dec '20 Dec 31, 2020","24,429,000",Financials in USD,Fiscal year is January - December
CVSI,annual,FY 2019,"Dec '19 Dec 31, 2019","53,696,000",Financials in USD,Fiscal year is January - December
CVSI,annual,2018 - 2014,2018 - 2014,Upgrade,Financials in USD,Fiscal year is January - December
CVSI,annual,Currency,,Financials in USD,Financials in USD,Fiscal year is January - December
CVSI,annual,Fiscal_Year_period,,Fiscal year is January - December,Financials in USD,Fiscal year is January - December
CVSI,quarterly,Q3 2024,"Sep '24 Sep 30, 2024","3,865,000",Financials in USD,Fiscal year is January - December
CVSI,quarterly,Q2 2024,"Jun '24 Jun 30, 2024","3,954,000",Financials in USD,Fiscal year is January - December
CVSI,quarterly,Q1 2024,"Mar '24 Mar 31, 2024","4,002,000",Financials in USD,Fiscal year is January - December
CVSI,quarterly,Q4 2023,"Dec '23 Dec 31, 2023","3,801,000",Financials in USD,Fiscal year is January - December
CVSI,quarterly,Q3 2023,"Sep '23 Sep 30, 2023","4,089,000",Financials in USD,Fiscal year is January - December
CVSI,quarterly,Q2 2023,"Jun '23 Jun 30, 2023","3,966,000",Financials in USD,Fiscal year is January - December
CVSI,quarterly,Q1 2023,"Mar '23 Mar 31, 2023","4,148,000",Financials in USD,Fiscal year is January - December
CVSI,quarterly,Q4 2022,"Dec '22 Dec 31, 2022","3,869,000",Financials in USD,Fiscal year is January - December
CVSI,quarterly,Q3 2022,"Sep '22 Sep 30, 2022","3,751,000",Financials in USD,Fiscal year is January - December
CVSI,quarterly,Q2 2022,"Jun '22 Jun 30, 2022","4,138,000",Financials in USD,Fiscal year is January - December
CVSI,quarterly,Q1 2022,"Mar '22 Mar 31, 2022","4,447,000",Financials in USD,Fiscal year is January - December
CVSI,quarterly,Q4 2021,"Dec '21 Dec 31, 2021","4,969,000",Financials in USD,Fiscal year is January - December
CVSI,quarterly,Q3 2021,"Sep '21 Sep 30, 2021","5,107,000",Financials in USD,Fiscal year is January - December
CVSI,quarterly,Q2 2021,"Jun '21 Jun 30, 2021","5,128,000",Financials in USD,Fiscal year is January - December
CVSI,quarterly,Q1 2021,"Mar '21 Mar 31, 2021","4,844,000",Financials in USD,Fiscal year is January - December
CVSI,quarterly,Q4 2020,"Dec '20 Dec 31, 2020","5,199,000",Financials in USD,Fiscal year is January - December
CVSI,quarterly,Q3 2020,"Sep '20 Sep 30, 2020","5,564,000",Financials in USD,Fiscal year is January - December
CVSI,quarterly,Q2 2020,"Jun '20 Jun 30, 2020","5,396,000",Financials in USD,Fiscal year is January - December
CVSI,quarterly,Q1 2020,"Mar '20 Mar 31, 2020","8,270,000",Financials in USD,Fiscal year is January - December
CVSI,quarterly,Q4 2019,"Dec '19 Dec 31, 2019","9,328,000",Financials in USD,Fiscal year is January - December
CVSI,quarterly,+20 Quarters,+20 Quarters,Upgrade,Financials in USD,Fiscal year is January - December
CVSI,quarterly,Currency,,Financials in USD,Financials in USD,Fiscal year is January - December
CVSI,quarterly,Fiscal_Year_period,,Fiscal year is January - December,Financials in USD,Fiscal year is January - December
CYDY,annual,TTM,"Aug '24 Aug 31, 2024",-,Financials in USD,Fiscal year is June - May
CYDY,annual,FY 2024,"May '24 May 31, 2024",-,Financials in USD,Fiscal year is June - May
CYDY,annual,FY 2023,"May '23 May 31, 2023",-,Financials in USD,Fiscal year is June - May
CYDY,annual,FY 2022,"May '22 May 31, 2022","266,000",Financials in USD,Fiscal year is June - May
CYDY,annual,FY 2021,"May '21 May 31, 2021",-,Financials in USD,Fiscal year is June - May
CYDY,annual,FY 2020,"May '20 May 31, 2020",-,Financials in USD,Fiscal year is June - May
CYDY,annual,2019 - 2015,2019 - 2015,Upgrade,Financials in USD,Fiscal year is June - May
CYDY,annual,Currency,,Financials in USD,Financials in USD,Fiscal year is June - May
CYDY,annual,Fiscal_Year_period,,Fiscal year is June - May,Financials in USD,Fiscal year is June - May
CYDY,quarterly,Q1 2025,"Aug '24 Aug 31, 2024",-,Financials in USD,Fiscal year is June - May
CYDY,quarterly,Q4 2024,"May '24 May 31, 2024",-,Financials in USD,Fiscal year is June - May
CYDY,quarterly,Q3 2024,"Feb '24 Feb 29, 2024",-,Financials in USD,Fiscal year is June - May
CYDY,quarterly,Q2 2024,"Nov '23 Nov 30, 2023",-,Financials in USD,Fiscal year is June - May
CYDY,quarterly,Q1 2024,"Aug '23 Aug 31, 2023",-,Financials in USD,Fiscal year is June - May
CYDY,quarterly,Q4 2023,"May '23 May 31, 2023",-,Financials in USD,Fiscal year is June - May
CYDY,quarterly,Q3 2023,"Feb '23 Feb 28, 2023",-,Financials in USD,Fiscal year is June - May
CYDY,quarterly,Q2 2023,"Nov '22 Nov 30, 2022",-,Financials in USD,Fiscal year is June - May
CYDY,quarterly,Q1 2023,"Aug '22 Aug 31, 2022",-,Financials in USD,Fiscal year is June - May
CYDY,quarterly,Q4 2022,"May '22 May 31, 2022",-,Financials in USD,Fiscal year is June - May
CYDY,quarterly,Q3 2022,"Feb '22 Feb 28, 2022",-,Financials in USD,Fiscal year is June - May
CYDY,quarterly,Q2 2022,"Nov '21 Nov 30, 2021","225,000",Financials in USD,Fiscal year is June - May
CYDY,quarterly,Q1 2022,"Aug '21 Aug 31, 2021","41,000",Financials in USD,Fiscal year is June - May
CYDY,quarterly,Q4 2021,"May '21 May 31, 2021",-,Financials in USD,Fiscal year is June - May
CYDY,quarterly,Q3 2021,"Feb '21 Feb 28, 2021",-,Financials in USD,Fiscal year is June - May
CYDY,quarterly,Q2 2021,"Nov '20 Nov 30, 2020",-,Financials in USD,Fiscal year is June - May
CYDY,quarterly,Q1 2021,"Aug '20 Aug 31, 2020",-,Financials in USD,Fiscal year is June - May
CYDY,quarterly,Q4 2020,"May '20 May 31, 2020",-,Financials in USD,Fiscal year is June - May
CYDY,quarterly,Q3 2020,"Feb '20 Feb 29, 2020",-,Financials in USD,Fiscal year is June - May
CYDY,quarterly,Q2 2020,"Nov '19 Nov 30, 2019",-,Financials in USD,Fiscal year is June - May
CYDY,quarterly,+20 Quarters,+20 Quarters,Upgrade,Financials in USD,Fiscal year is June - May
CYDY,quarterly,Currency,,Financials in USD,Financials in USD,Fiscal year is June - May
CYDY,quarterly,Fiscal_Year_period,,Fiscal year is June - May,Financials in USD,Fiscal year is June - May
DMKPQ,annual,TTM,"Sep '23 Sep 30, 2023","3,619,689",Financials in USD,Fiscal year is January - December
DMKPQ,annual,FY 2022,"Dec '22 Dec 31, 2022","4,756,078",Financials in USD,Fiscal year is January - December
DMKPQ,annual,FY 2021,"Dec '21 Dec 31, 2021","2,208,680",Financials in USD,Fiscal year is January - December
DMKPQ,annual,FY 2020,"Dec '20 Dec 31, 2020","2,776,587",Financials in USD,Fiscal year is January - December
DMKPQ,annual,FY 2019,"Dec '19 Dec 31, 2019","22,113,869",Financials in USD,Fiscal year is January - December
DMKPQ,annual,FY 2018,"Dec '18 Dec 31, 2018","15,086,643",Financials in USD,Fiscal year is January - December
DMKPQ,annual,2017 - 2013,2017 - 2013,Upgrade,Financials in USD,Fiscal year is January - December
DMKPQ,annual,Currency,,Financials in USD,Financials in USD,Fiscal year is January - December
DMKPQ,annual,Fiscal_Year_period,,Fiscal year is January - December,Financials in USD,Fiscal year is January - December
DMKPQ,quarterly,Q3 2023,"Sep '23 Sep 30, 2023","9,062",Financials in USD,Fiscal year is January - December
DMKPQ,quarterly,Q2 2023,"Jun '23 Jun 30, 2023","6,945",Financials in USD,Fiscal year is January - December
DMKPQ,quarterly,Q1 2023,"Mar '23 Mar 31, 2023","1,453,000",Financials in USD,Fiscal year is January - December
DMKPQ,quarterly,Q4 2022,"Dec '22 Dec 31, 2022","2,150,682",Financials in USD,Fiscal year is January - December
DMKPQ,quarterly,Q3 2022,"Sep '22 Sep 30, 2022","1,505,683",Financials in USD,Fiscal year is January - December
DMKPQ,quarterly,Q2 2022,"Jun '22 Jun 30, 2022","39,847",Financials in USD,Fiscal year is January - December
DMKPQ,quarterly,Q1 2022,"Mar '22 Mar 31, 2022","1,154,514",Financials in USD,Fiscal year is January - December
DMKPQ,quarterly,Q4 2021,"Dec '21 Dec 31, 2021","-1,159,435",Financials in USD,Fiscal year is January - December
DMKPQ,quarterly,Q3 2021,"Sep '21 Sep 30, 2021","759,962",Financials in USD,Fiscal year is January - December
DMKPQ,quarterly,Q2 2021,"Jun '21 Jun 30, 2021","1,275,474",Financials in USD,Fiscal year is January - December
DMKPQ,quarterly,Q1 2021,"Mar '21 Mar 31, 2021","1,393,097",Financials in USD,Fiscal year is January - December
DMKPQ,quarterly,Q4 2020,"Dec '20 Dec 31, 2020","679,791",Financials in USD,Fiscal year is January - December
DMKPQ,quarterly,Q3 2020,"Sep '20 Sep 30, 2020","868,077",Financials in USD,Fiscal year is January - December
DMKPQ,quarterly,Q2 2020,"Jun '20 Jun 30, 2020",-,Financials in USD,Fiscal year is January - December
DMKPQ,quarterly,Q1 2020,"Mar '20 Mar 31, 2020","4,663,210",Financials in USD,Fiscal year is January - December
DMKPQ,quarterly,Q4 2019,"Dec '19 Dec 31, 2019","5,540,222",Financials in USD,Fiscal year is January - December
DMKPQ,quarterly,Q3 2019,"Sep '19 Sep 30, 2019","5,902,975",Financials in USD,Fiscal year is January - December
DMKPQ,quarterly,Q2 2019,"Jun '19 Jun 30, 2019","5,764,899",Financials in USD,Fiscal year is January - December
DMKPQ,quarterly,Q1 2019,"Mar '19 Mar 31, 2019","4,905,772",Financials in USD,Fiscal year is January - December
DMKPQ,quarterly,Q4 2018,"Dec '18 Dec 31, 2018","4,153,907",Financials in USD,Fiscal year is January - December
DMKPQ,quarterly,+20 Quarters,+20 Quarters,Upgrade,Financials in USD,Fiscal year is January - December
DMKPQ,quarterly,Currency,,Financials in USD,Financials in USD,Fiscal year is January - December
DMKPQ,quarterly,Fiscal_Year_period,,Fiscal year is January - December,Financials in USD,Fiscal year is January - December
EGRX,annual,TTM,"Jun '23 Jun 30, 2023","257,551,000",Financials in USD,Fiscal year is January - December
EGRX,annual,FY 2022,"Dec '22 Dec 31, 2022","316,610,000",Financials in USD,Fiscal year is January - December
EGRX,annual,FY 2021,"Dec '21 Dec 31, 2021","171,546,000",Financials in USD,Fiscal year is January - December
EGRX,annual,FY 2020,"Dec '20 Dec 31, 2020","187,802,000",Financials in USD,Fiscal year is January - December
EGRX,annual,FY 2019,"Dec '19 Dec 31, 2019","195,892,000",Financials in USD,Fiscal year is January - December
EGRX,annual,FY 2018,"Dec '18 Dec 31, 2018","213,312,000",Financials in USD,Fiscal year is January - December
EGRX,annual,2017 - 2013,2017 - 2013,Upgrade,Financials in USD,Fiscal year is January - December
EGRX,annual,Currency,,Financials in USD,Financials in USD,Fiscal year is January - December
EGRX,annual,Fiscal_Year_period,,Fiscal year is January - December,Financials in USD,Fiscal year is January - December
EGRX,quarterly,Q2 2023,"Jun '23 Jun 30, 2023","64,646,000",Financials in USD,Fiscal year is January - December
EGRX,quarterly,Q1 2023,"Mar '23 Mar 31, 2023","66,305,000",Financials in USD,Fiscal year is January - December
EGRX,quarterly,Q4 2022,"Dec '22 Dec 31, 2022","60,699,000",Financials in USD,Fiscal year is January - December
EGRX,quarterly,Q3 2022,"Sep '22 Sep 30, 2022","65,901,000",Financials in USD,Fiscal year is January - December
EGRX,quarterly,Q2 2022,"Jun '22 Jun 30, 2022","74,136,000",Financials in USD,Fiscal year is January - December
EGRX,quarterly,Q1 2022,"Mar '22 Mar 31, 2022","115,874,000",Financials in USD,Fiscal year is January - December
EGRX,quarterly,Q4 2021,"Dec '21 Dec 31, 2021","42,320,000",Financials in USD,Fiscal year is January - December
EGRX,quarterly,Q3 2021,"Sep '21 Sep 30, 2021","39,853,000",Financials in USD,Fiscal year is January - December
EGRX,quarterly,Q2 2021,"Jun '21 Jun 30, 2021","48,124,000",Financials in USD,Fiscal year is January - December
EGRX,quarterly,Q1 2021,"Mar '21 Mar 31, 2021","41,249,000",Financials in USD,Fiscal year is January - December
EGRX,quarterly,Q4 2020,"Dec '20 Dec 31, 2020","49,916,000",Financials in USD,Fiscal year is January - December
EGRX,quarterly,Q3 2020,"Sep '20 Sep 30, 2020","49,928,000",Financials in USD,Fiscal year is January - December
EGRX,quarterly,Q2 2020,"Jun '20 Jun 30, 2020","41,938,000",Financials in USD,Fiscal year is January - December
EGRX,quarterly,Q1 2020,"Mar '20 Mar 31, 2020","46,020,000",Financials in USD,Fiscal year is January - December
EGRX,quarterly,Q4 2019,"Dec '19 Dec 31, 2019","48,258,000",Financials in USD,Fiscal year is January - December
EGRX,quarterly,Q3 2019,"Sep '19 Sep 30, 2019","41,147,000",Financials in USD,Fiscal year is January - December
EGRX,quarterly,Q2 2019,"Jun '19 Jun 30, 2019","56,702,000",Financials in USD,Fiscal year is January - December
EGRX,quarterly,Q1 2019,"Mar '19 Mar 31, 2019","49,785,000",Financials in USD,Fiscal year is January - December
EGRX,quarterly,Q4 2018,"Dec '18 Dec 31, 2018","56,054,000",Financials in USD,Fiscal year is January - December
EGRX,quarterly,Q3 2018,"Sep '18 Sep 30, 2018","51,337,000",Financials in USD,Fiscal year is January - December
EGRX,quarterly,+20 Quarters,+20 Quarters,Upgrade,Financials in USD,Fiscal year is January - December
EGRX,quarterly,Currency,,Financials in USD,Financials in USD,Fiscal year is January - December
EGRX,quarterly,Fiscal_Year_period,,Fiscal year is January - December,Financials in USD,Fiscal year is January - December
ELTP,annual,TTM,"Sep '24 Sep 30, 2024","71,171,275",Financials in USD,Fiscal year is April - March
ELTP,annual,FY 2024,"Mar '24 Mar 31, 2024","56,625,128",Financials in USD,Fiscal year is April - March
ELTP,annual,FY 2023,"Mar '23 Mar 31, 2023","34,155,114",Financials in USD,Fiscal year is April - March
ELTP,annual,FY 2022,"Mar '22 Mar 31, 2022","32,262,117",Financials in USD,Fiscal year is April - March
ELTP,annual,FY 2021,"Mar '21 Mar 31, 2021","25,380,749",Financials in USD,Fiscal year is April - March
ELTP,annual,FY 2020,"Mar '20 Mar 31, 2020","17,994,639",Financials in USD,Fiscal year is April - March
ELTP,annual,2019 - 2015,2019 - 2015,Upgrade,Financials in USD,Fiscal year is April - March
ELTP,annual,Currency,,Financials in USD,Financials in USD,Fiscal year is April - March
ELTP,annual,Fiscal_Year_period,,Fiscal year is April - March,Financials in USD,Fiscal year is April - March
ELTP,quarterly,Q2 2025,"Sep '24 Sep 30, 2024","18,880,345",Financials in USD,Fiscal year is April - March
ELTP,quarterly,Q1 2025,"Jun '24 Jun 30, 2024","18,803,063",Financials in USD,Fiscal year is April - March
ELTP,quarterly,Q4 2024,"Mar '24 Mar 31, 2024","17,949,067",Financials in USD,Fiscal year is April - March
ELTP,quarterly,Q3 2024,"Dec '23 Dec 31, 2023","15,538,800",Financials in USD,Fiscal year is April - March
ELTP,quarterly,Q2 2024,"Sep '23 Sep 30, 2023","14,157,185",Financials in USD,Fiscal year is April - March
ELTP,quarterly,Q1 2024,"Jun '23 Jun 30, 2023","8,980,076",Financials in USD,Fiscal year is April - March
ELTP,quarterly,Q4 2023,"Mar '23 Mar 31, 2023","8,641,563",Financials in USD,Fiscal year is April - March
ELTP,quarterly,Q3 2023,"Dec '22 Dec 31, 2022","9,250,066",Financials in USD,Fiscal year is April - March
ELTP,quarterly,Q2 2023,"Sep '22 Sep 30, 2022","8,585,763",Financials in USD,Fiscal year is April - March
ELTP,quarterly,Q1 2023,"Jun '22 Jun 30, 2022","7,672,908",Financials in USD,Fiscal year is April - March
ELTP,quarterly,Q4 2022,"Mar '22 Mar 31, 2022","7,672,073",Financials in USD,Fiscal year is April - March
ELTP,quarterly,Q3 2022,"Dec '21 Dec 31, 2021","8,974,814",Financials in USD,Fiscal year is April - March
ELTP,quarterly,Q2 2022,"Sep '21 Sep 30, 2021","8,558,441",Financials in USD,Fiscal year is April - March
ELTP,quarterly,Q1 2022,"Jun '21 Jun 30, 2021","7,056,789",Financials in USD,Fiscal year is April - March
ELTP,quarterly,Q4 2021,"Mar '21 Mar 31, 2021","4,395,531",Financials in USD,Fiscal year is April - March
ELTP,quarterly,Q3 2021,"Dec '20 Dec 31, 2020","6,046,582",Financials in USD,Fiscal year is April - March
ELTP,quarterly,Q2 2021,"Sep '20 Sep 30, 2020","7,399,892",Financials in USD,Fiscal year is April - March
ELTP,quarterly,Q1 2021,"Jun '20 Jun 30, 2020","7,538,744",Financials in USD,Fiscal year is April - March
ELTP,quarterly,Q4 2020,"Mar '20 Mar 31, 2020","4,945,299",Financials in USD,Fiscal year is April - March
ELTP,quarterly,Q3 2020,"Dec '19 Dec 31, 2019","5,055,113",Financials in USD,Fiscal year is April - March
ELTP,quarterly,+20 Quarters,+20 Quarters,Upgrade,Financials in USD,Fiscal year is April - March
ELTP,quarterly,Currency,,Financials in USD,Financials in USD,Fiscal year is April - March
ELTP,quarterly,Fiscal_Year_period,,Fiscal year is April - March,Financials in USD,Fiscal year is April - March
EMMA,annual,TTM,"Sep '24 Sep 30, 2024","20,428,000",Financials in USD,Fiscal year is January - December
EMMA,annual,FY 2023,"Dec '23 Dec 31, 2023","29,597,000",Financials in USD,Fiscal year is January - December
EMMA,annual,FY 2022,"Dec '22 Dec 31, 2022","18,390,000",Financials in USD,Fiscal year is January - December
EMMA,annual,FY 2021,"Dec '21 Dec 31, 2021","20,610,000",Financials in USD,Fiscal year is January - December
EMMA,annual,FY 2020,"Dec '20 Dec 31, 2020","23,167,000",Financials in USD,Fiscal year is January - December
EMMA,annual,FY 2019,"Dec '19 Dec 31, 2019","22,752,000",Financials in USD,Fiscal year is January - December
EMMA,annual,2018 - 2014,2018 - 2014,Upgrade,Financials in USD,Fiscal year is January - December
EMMA,annual,Currency,,Financials in USD,Financials in USD,Fiscal year is January - December
EMMA,annual,Fiscal_Year_period,,Fiscal year is January - December,Financials in USD,Fiscal year is January - December
EMMA,quarterly,Q3 2024,"Sep '24 Sep 30, 2024","5,478,000",Financials in USD,Fiscal year is January - December
EMMA,quarterly,Q2 2024,"Jun '24 Jun 30, 2024","5,377,000",Financials in USD,Fiscal year is January - December
EMMA,quarterly,Q1 2024,"Mar '24 Mar 31, 2024","2,506,000",Financials in USD,Fiscal year is January - December
EMMA,quarterly,Q4 2023,"Dec '23 Dec 31, 2023","7,067,000",Financials in USD,Fiscal year is January - December
EMMA,quarterly,Q3 2023,"Sep '23 Sep 30, 2023","5,018,000",Financials in USD,Fiscal year is January - December
EMMA,quarterly,Q2 2023,"Jun '23 Jun 30, 2023","10,759,000",Financials in USD,Fiscal year is January - December
EMMA,quarterly,Q1 2023,"Mar '23 Mar 31, 2023","6,753,000",Financials in USD,Fiscal year is January - December
EMMA,quarterly,Q4 2022,"Dec '22 Dec 31, 2022","5,930,000",Financials in USD,Fiscal year is January - December
EMMA,quarterly,Q3 2022,"Sep '22 Sep 30, 2022","4,939,000",Financials in USD,Fiscal year is January - December
EMMA,quarterly,Q2 2022,"Jun '22 Jun 30, 2022","4,287,000",Financials in USD,Fiscal year is January - December
EMMA,quarterly,Q1 2022,"Mar '22 Mar 31, 2022","3,234,000",Financials in USD,Fiscal year is January - December
EMMA,quarterly,Q4 2021,"Dec '21 Dec 31, 2021","3,020,000",Financials in USD,Fiscal year is January - December
EMMA,quarterly,Q3 2021,"Sep '21 Sep 30, 2021","5,766,000",Financials in USD,Fiscal year is January - December
EMMA,quarterly,Q2 2021,"Jun '21 Jun 30, 2021","6,489,000",Financials in USD,Fiscal year is January - December
EMMA,quarterly,Q1 2021,"Mar '21 Mar 31, 2021","5,335,000",Financials in USD,Fiscal year is January - December
EMMA,quarterly,Q4 2020,"Dec '20 Dec 31, 2020","6,252,000",Financials in USD,Fiscal year is January - December
EMMA,quarterly,Q3 2020,"Sep '20 Sep 30, 2020","5,601,000",Financials in USD,Fiscal year is January - December
EMMA,quarterly,Q2 2020,"Jun '20 Jun 30, 2020","4,360,000",Financials in USD,Fiscal year is January - December
EMMA,quarterly,Q1 2020,"Mar '20 Mar 31, 2020","6,954,000",Financials in USD,Fiscal year is January - December
EMMA,quarterly,Q4 2019,"Dec '19 Dec 31, 2019","5,492,000",Financials in USD,Fiscal year is January - December
EMMA,quarterly,+20 Quarters,+20 Quarters,Upgrade,Financials in USD,Fiscal year is January - December
EMMA,quarterly,Currency,,Financials in USD,Financials in USD,Fiscal year is January - December
EMMA,quarterly,Fiscal_Year_period,,Fiscal year is January - December,Financials in USD,Fiscal year is January - December
ENZN,annual,TTM,"Sep '24 Sep 30, 2024","26,000",Financials in USD,Fiscal year is January - December
ENZN,annual,FY 2023,"Dec '23 Dec 31, 2023",-,Financials in USD,Fiscal year is January - December
ENZN,annual,FY 2022,"Dec '22 Dec 31, 2022","26,000",Financials in USD,Fiscal year is January - December
ENZN,annual,FY 2021,"Dec '21 Dec 31, 2021","701,000",Financials in USD,Fiscal year is January - December
ENZN,annual,FY 2020,"Dec '20 Dec 31, 2020","52,000",Financials in USD,Fiscal year is January - December
ENZN,annual,FY 2019,"Dec '19 Dec 31, 2019","207,000",Financials in USD,Fiscal year is January - December
ENZN,annual,2018 - 2014,2018 - 2014,Upgrade,Financials in USD,Fiscal year is January - December
ENZN,annual,Currency,,Financials in USD,Financials in USD,Fiscal year is January - December
ENZN,annual,Fiscal_Year_period,,Fiscal year is January - December,Financials in USD,Fiscal year is January - December
ENZN,quarterly,Q3 2024,"Sep '24 Sep 30, 2024",-,Financials in USD,Fiscal year is January - December
ENZN,quarterly,Q2 2024,"Jun '24 Jun 30, 2024","26,000",Financials in USD,Fiscal year is January - December
ENZN,quarterly,Q1 2024,"Mar '24 Mar 31, 2024",-,Financials in USD,Fiscal year is January - December
ENZN,quarterly,Q4 2023,"Dec '23 Dec 31, 2023",-,Financials in USD,Fiscal year is January - December
ENZN,quarterly,Q3 2023,"Sep '23 Sep 30, 2023",-,Financials in USD,Fiscal year is January - December
ENZN,quarterly,Q2 2023,"Jun '23 Jun 30, 2023",-,Financials in USD,Fiscal year is January - December
ENZN,quarterly,Q1 2023,"Mar '23 Mar 31, 2023",-,Financials in USD,Fiscal year is January - December
ENZN,quarterly,Q4 2022,"Dec '22 Dec 31, 2022","26,000",Financials in USD,Fiscal year is January - December
ENZN,quarterly,Q3 2022,"Sep '22 Sep 30, 2022",-,Financials in USD,Fiscal year is January - December
ENZN,quarterly,Q2 2022,"Jun '22 Jun 30, 2022",-,Financials in USD,Fiscal year is January - December
ENZN,quarterly,Q1 2022,"Mar '22 Mar 31, 2022",-,Financials in USD,Fiscal year is January - December
ENZN,quarterly,Q4 2021,"Dec '21 Dec 31, 2021","29,000",Financials in USD,Fiscal year is January - December
ENZN,quarterly,Q3 2021,"Sep '21 Sep 30, 2021",-,Financials in USD,Fiscal year is January - December
ENZN,quarterly,Q2 2021,"Jun '21 Jun 30, 2021","291,000",Financials in USD,Fiscal year is January - December
ENZN,quarterly,Q1 2021,"Mar '21 Mar 31, 2021","381,000",Financials in USD,Fiscal year is January - December
ENZN,quarterly,Q4 2020,"Dec '20 Dec 31, 2020","34,000",Financials in USD,Fiscal year is January - December
ENZN,quarterly,Q3 2020,"Sep '20 Sep 30, 2020","8,000",Financials in USD,Fiscal year is January - December
ENZN,quarterly,Q2 2020,"Jun '20 Jun 30, 2020","8,000",Financials in USD,Fiscal year is January - December
ENZN,quarterly,Q1 2020,"Mar '20 Mar 31, 2020","2,000",Financials in USD,Fiscal year is January - December
ENZN,quarterly,Q4 2019,"Dec '19 Dec 31, 2019","49,000",Financials in USD,Fiscal year is January - December
ENZN,quarterly,+20 Quarters,+20 Quarters,Upgrade,Financials in USD,Fiscal year is January - December
ENZN,quarterly,Currency,,Financials in USD,Financials in USD,Fiscal year is January - December
ENZN,quarterly,Fiscal_Year_period,,Fiscal year is January - December,Financials in USD,Fiscal year is January - December
ESGH,annual,TTM,"Sep '24 Sep 30, 2024","8,615,685",Financials in USD,Fiscal year is January - December
ESGH,annual,FY 2023,"Dec '23 Dec 31, 2023","7,452,129",Financials in USD,Fiscal year is January - December
ESGH,annual,FY 2022,"Dec '22 Dec 31, 2022","7,254,646",Financials in USD,Fiscal year is January - December
ESGH,annual,FY 2021,"Dec '21 Dec 31, 2021","6,100,520",Financials in USD,Fiscal year is January - December
ESGH,annual,Currency,,Financials in USD,Financials in USD,Fiscal year is January - December
ESGH,annual,Fiscal_Year_period,,Fiscal year is January - December,Financials in USD,Fiscal year is January - December
ESGH,quarterly,Q3 2024,"Sep '24 Sep 30, 2024","2,234,549",Financials in USD,Fiscal year is January - December
ESGH,quarterly,Q2 2024,"Jun '24 Jun 30, 2024","2,509,781",Financials in USD,Fiscal year is January - December
ESGH,quarterly,Q1 2024,"Mar '24 Mar 31, 2024","2,378,281",Financials in USD,Fiscal year is January - December
ESGH,quarterly,Q4 2023,"Dec '23 Dec 31, 2023","1,886,702",Financials in USD,Fiscal year is January - December
ESGH,quarterly,Q3 2023,"Sep '23 Sep 30, 2023","518,192",Financials in USD,Fiscal year is January - December
ESGH,quarterly,Q2 2023,"Jun '23 Jun 30, 2023","3,632,544",Financials in USD,Fiscal year is January - December
ESGH,quarterly,Q1 2023,"Mar '23 Mar 31, 2023","1,808,319",Financials in USD,Fiscal year is January - December
ESGH,quarterly,Q4 2022,"Dec '22 Dec 31, 2022","1,669,382",Financials in USD,Fiscal year is January - December
ESGH,quarterly,Q3 2022,"Sep '22 Sep 30, 2022","1,669,382",Financials in USD,Fiscal year is January - December
ESGH,quarterly,Q2 2022,"Jun '22 Jun 30, 2022","1,813,406",Financials in USD,Fiscal year is January - December
ESGH,quarterly,Q1 2022,"Mar '22 Mar 31, 2022","1,957,941",Financials in USD,Fiscal year is January - December
ESGH,quarterly,Currency,,Financials in USD,Financials in USD,Fiscal year is January - December
ESGH,quarterly,Fiscal_Year_period,,Fiscal year is January - December,Financials in USD,Fiscal year is January - December
ETST,annual,TTM,"Sep '24 Sep 30, 2024","26,893,946",Financials in USD,Fiscal year is April - March
ETST,annual,FY 2024,"Mar '24 Mar 31, 2024","11,953,635",Financials in USD,Fiscal year is April - March
ETST,annual,FY 2023,"Mar '23 Mar 31, 2023","48,537",Financials in USD,Fiscal year is April - March
ETST,annual,FY 2022,"Mar '22 Mar 31, 2022","14,123",Financials in USD,Fiscal year is April - March
ETST,annual,FY 2021,"Mar '21 Mar 31, 2021","140,902",Financials in USD,Fiscal year is April - March
ETST,annual,FY 2020,"Mar '20 Mar 31, 2020","526,139",Financials in USD,Fiscal year is April - March
ETST,annual,2019 - 2015,2019 - 2015,Upgrade,Financials in USD,Fiscal year is April - March
ETST,annual,Currency,,Financials in USD,Financials in USD,Fiscal year is April - March
ETST,annual,Fiscal_Year_period,,Fiscal year is April - March,Financials in USD,Fiscal year is April - March
ETST,quarterly,Q2 2025,"Sep '24 Sep 30, 2024","8,519,047",Financials in USD,Fiscal year is April - March
ETST,quarterly,Q1 2025,"Jun '24 Jun 30, 2024","8,568,918",Financials in USD,Fiscal year is April - March
ETST,quarterly,Q4 2024,"Mar '24 Mar 31, 2024","6,015,869",Financials in USD,Fiscal year is April - March
ETST,quarterly,Q3 2024,"Dec '23 Dec 31, 2023","3,790,112",Financials in USD,Fiscal year is April - March
ETST,quarterly,Q2 2024,"Sep '23 Sep 30, 2023","1,927,720",Financials in USD,Fiscal year is April - March
ETST,quarterly,Q1 2024,"Jun '23 Jun 30, 2023","219,934",Financials in USD,Fiscal year is April - March
ETST,quarterly,Q4 2023,"Mar '23 Mar 31, 2023","46,004",Financials in USD,Fiscal year is April - March
ETST,quarterly,Q3 2023,"Dec '22 Dec 31, 2022","2,533",Financials in USD,Fiscal year is April - March
ETST,quarterly,Q2 2023,"Sep '22 Sep 30, 2022",-,Financials in USD,Fiscal year is April - March
ETST,quarterly,Q1 2023,"Jun '22 Jun 30, 2022",-,Financials in USD,Fiscal year is April - March
ETST,quarterly,Q4 2022,"Mar '22 Mar 31, 2022",181,Financials in USD,Fiscal year is April - March
ETST,quarterly,Q3 2022,"Dec '21 Dec 31, 2021","3,997",Financials in USD,Fiscal year is April - March
ETST,quarterly,Q2 2022,"Sep '21 Sep 30, 2021","2,455",Financials in USD,Fiscal year is April - March
ETST,quarterly,Q1 2022,"Jun '21 Jun 30, 2021","7,490",Financials in USD,Fiscal year is April - March
ETST,quarterly,Q4 2021,"Mar '21 Mar 31, 2021","18,342",Financials in USD,Fiscal year is April - March
ETST,quarterly,Q3 2021,"Dec '20 Dec 31, 2020","23,929",Financials in USD,Fiscal year is April - March
ETST,quarterly,Q2 2021,"Sep '20 Sep 30, 2020","26,551",Financials in USD,Fiscal year is April - March
ETST,quarterly,Q1 2021,"Jun '20 Jun 30, 2020","72,080",Financials in USD,Fiscal year is April - March
ETST,quarterly,Q4 2020,"Mar '20 Mar 31, 2020","61,409",Financials in USD,Fiscal year is April - March
ETST,quarterly,Q3 2020,"Dec '19 Dec 31, 2019","97,447",Financials in USD,Fiscal year is April - March
ETST,quarterly,+20 Quarters,+20 Quarters,Upgrade,Financials in USD,Fiscal year is April - March
ETST,quarterly,Currency,,Financials in USD,Financials in USD,Fiscal year is April - March
ETST,quarterly,Fiscal_Year_period,,Fiscal year is April - March,Financials in USD,Fiscal year is April - March
EVFM,annual,TTM,"Sep '24 Sep 30, 2024","17,098,000",Financials in USD,Fiscal year is January - December
EVFM,annual,FY 2023,"Dec '23 Dec 31, 2023","18,218,000",Financials in USD,Fiscal year is January - December
EVFM,annual,FY 2022,"Dec '22 Dec 31, 2022","16,837,000",Financials in USD,Fiscal year is January - December
EVFM,annual,FY 2021,"Dec '21 Dec 31, 2021","8,244,000",Financials in USD,Fiscal year is January - December
EVFM,annual,FY 2020,"Dec '20 Dec 31, 2020","446,000",Financials in USD,Fiscal year is January - December
EVFM,annual,FY 2019,"Dec '19 Dec 31, 2019",-,Financials in USD,Fiscal year is January - December
EVFM,annual,2018 - 2015,2018 - 2015,Upgrade,Financials in USD,Fiscal year is January - December
EVFM,annual,Currency,,Financials in USD,Financials in USD,Fiscal year is January - December
EVFM,annual,Fiscal_Year_period,,Fiscal year is January - December,Financials in USD,Fiscal year is January - December
EVFM,quarterly,Q3 2024,"Sep '24 Sep 30, 2024","4,496,000",Financials in USD,Fiscal year is January - December
EVFM,quarterly,Q2 2024,"Jun '24 Jun 30, 2024","4,160,000",Financials in USD,Fiscal year is January - December
EVFM,quarterly,Q1 2024,"Mar '24 Mar 31, 2024","3,603,000",Financials in USD,Fiscal year is January - December
EVFM,quarterly,Q4 2023,"Dec '23 Dec 31, 2023","4,839,000",Financials in USD,Fiscal year is January - December
EVFM,quarterly,Q3 2023,"Sep '23 Sep 30, 2023","5,112,000",Financials in USD,Fiscal year is January - December
EVFM,quarterly,Q2 2023,"Jun '23 Jun 30, 2023","2,458,000",Financials in USD,Fiscal year is January - December
EVFM,quarterly,Q1 2023,"Mar '23 Mar 31, 2023","5,809,000",Financials in USD,Fiscal year is January - December
EVFM,quarterly,Q4 2022,"Dec '22 Dec 31, 2022","181,000",Financials in USD,Fiscal year is January - December
EVFM,quarterly,Q3 2022,"Sep '22 Sep 30, 2022","6,371,000",Financials in USD,Fiscal year is January - December
EVFM,quarterly,Q2 2022,"Jun '22 Jun 30, 2022","6,034,000",Financials in USD,Fiscal year is January - December
EVFM,quarterly,Q1 2022,"Mar '22 Mar 31, 2022","4,251,000",Financials in USD,Fiscal year is January - December
EVFM,quarterly,Q4 2021,"Dec '21 Dec 31, 2021","3,570,000",Financials in USD,Fiscal year is January - December
EVFM,quarterly,Q3 2021,"Sep '21 Sep 30, 2021","1,712,000",Financials in USD,Fiscal year is January - December
EVFM,quarterly,Q2 2021,"Jun '21 Jun 30, 2021","1,857,000",Financials in USD,Fiscal year is January - December
EVFM,quarterly,Q1 2021,"Mar '21 Mar 31, 2021","1,105,000",Financials in USD,Fiscal year is January - December
EVFM,quarterly,Q4 2020,"Dec '20 Dec 31, 2020","168,000",Financials in USD,Fiscal year is January - December
EVFM,quarterly,Q3 2020,"Sep '20 Sep 30, 2020","278,000",Financials in USD,Fiscal year is January - December
EVFM,quarterly,Q2 2020,"Jun '20 Jun 30, 2020",-,Financials in USD,Fiscal year is January - December
EVFM,quarterly,Q1 2020,"Mar '20 Mar 31, 2020",-,Financials in USD,Fiscal year is January - December
EVFM,quarterly,Q4 2019,"Dec '19 Dec 31, 2019",-,Financials in USD,Fiscal year is January - December
EVFM,quarterly,+12 Quarters,+12 Quarters,Upgrade,Financials in USD,Fiscal year is January - December
EVFM,quarterly,Currency,,Financials in USD,Financials in USD,Fiscal year is January - December
EVFM,quarterly,Fiscal_Year_period,,Fiscal year is January - December,Financials in USD,Fiscal year is January - December
FBDS,annual,TTM,"Jul '24 Jul 31, 2024",-,Financials in USD,Fiscal year is November - October
FBDS,annual,FY 2023,"Oct '23 Oct 31, 2023",-,Financials in USD,Fiscal year is November - October
FBDS,annual,FY 2022,"Oct '22 Oct 31, 2022",-,Financials in USD,Fiscal year is November - October
FBDS,annual,FY 2021,"Oct '21 Oct 31, 2021",-,Financials in USD,Fiscal year is November - October
FBDS,annual,FY 2012,"Oct '12 Oct 31, 2012",-,Financials in USD,Fiscal year is November - October
FBDS,annual,FY 2011,"Oct '11 Oct 31, 2011","72,713,748",Financials in USD,Fiscal year is November - October
FBDS,annual,2010 - 2006,2010 - 2006,Upgrade,Financials in USD,Fiscal year is November - October
FBDS,annual,Currency,,Financials in USD,Financials in USD,Fiscal year is November - October
FBDS,annual,Fiscal_Year_period,,Fiscal year is November - October,Financials in USD,Fiscal year is November - October
FBDS,quarterly,Q3 2024,"Jul '24 Jul 31, 2024",-,Financials in USD,Fiscal year is November - October
FBDS,quarterly,Q2 2024,"Apr '24 Apr 30, 2024",-,Financials in USD,Fiscal year is November - October
FBDS,quarterly,Q1 2024,"Jan '24 Jan 31, 2024",-,Financials in USD,Fiscal year is November - October
FBDS,quarterly,Q4 2023,"Oct '23 Oct 31, 2023",-,Financials in USD,Fiscal year is November - October
FBDS,quarterly,Q3 2023,"Jul '23 Jul 31, 2023",-,Financials in USD,Fiscal year is November - October
FBDS,quarterly,Q2 2023,"Apr '23 Apr 30, 2023",-,Financials in USD,Fiscal year is November - October
FBDS,quarterly,Q1 2023,"Jan '23 Jan 31, 2023",-,Financials in USD,Fiscal year is November - October
FBDS,quarterly,Q4 2022,"Oct '22 Oct 31, 2022",-,Financials in USD,Fiscal year is November - October
FBDS,quarterly,Q3 2022,"Jul '22 Jul 31, 2022",-,Financials in USD,Fiscal year is November - October
FBDS,quarterly,Q2 2022,"Apr '22 Apr 30, 2022",-,Financials in USD,Fiscal year is November - October
FBDS,quarterly,Q1 2022,"Jan '22 Jan 31, 2022",-,Financials in USD,Fiscal year is November - October
FBDS,quarterly,Q4 2021,"Oct '21 Oct 31, 2021",-,Financials in USD,Fiscal year is November - October
FBDS,quarterly,Q3 2021,"Jul '21 Jul 31, 2021",-,Financials in USD,Fiscal year is November - October
FBDS,quarterly,Q2 2021,"Apr '21 Apr 30, 2021",-,Financials in USD,Fiscal year is November - October
FBDS,quarterly,Q1 2021,"Jan '21 Jan 31, 2021",-,Financials in USD,Fiscal year is November - October
FBDS,quarterly,Q3 2012,"Jul '12 Jul 31, 2012","15,076,663",Financials in USD,Fiscal year is November - October
FBDS,quarterly,Q2 2012,"Apr '12 Apr 30, 2012","23,022,385",Financials in USD,Fiscal year is November - October
FBDS,quarterly,Q1 2012,"Jan '12 Jan 31, 2012","28,140,091",Financials in USD,Fiscal year is November - October
FBDS,quarterly,Q4 2011,"Oct '11 Oct 31, 2011","18,838,647",Financials in USD,Fiscal year is November - October
FBDS,quarterly,Q3 2011,"Jul '11 Jul 31, 2011","12,376,352",Financials in USD,Fiscal year is November - October
FBDS,quarterly,+20 Quarters,+20 Quarters,Upgrade,Financials in USD,Fiscal year is November - October
FBDS,quarterly,Currency,,Financials in USD,Financials in USD,Fiscal year is November - October
FBDS,quarterly,Fiscal_Year_period,,Fiscal year is November - October,Financials in USD,Fiscal year is November - October
FFNTF,annual,TTM,"Sep '24 Sep 30, 2024","75,609,000",Financials in USD,Fiscal year is January - December
FFNTF,annual,FY 2023,"Dec '23 Dec 31, 2023","97,435,000",Financials in USD,Fiscal year is January - December
FFNTF,annual,FY 2022,"Dec '22 Dec 31, 2022","107,664,000",Financials in USD,Fiscal year is January - December
FFNTF,annual,FY 2021,"Dec '21 Dec 31, 2021","104,566,000",Financials in USD,Fiscal year is January - December
FFNTF,annual,FY 2020,"Dec '20 Dec 31, 2020","57,635,000",Financials in USD,Fiscal year is January - December
FFNTF,annual,FY 2019,"Dec '19 Dec 31, 2019","19,032,000",Financials in USD,Fiscal year is January - December
FFNTF,annual,2018 - 2016,2018 - 2016,Upgrade,Financials in USD,Fiscal year is January - December
FFNTF,annual,Currency,,Financials in USD,Financials in USD,Fiscal year is January - December
FFNTF,annual,Fiscal_Year_period,,Fiscal year is January - December,Financials in USD,Fiscal year is January - December
FFNTF,quarterly,Q3 2024,"Sep '24 Sep 30, 2024","17,132,000",Financials in USD,Fiscal year is January - December
FFNTF,quarterly,Q2 2024,"Jun '24 Jun 30, 2024","18,656,000",Financials in USD,Fiscal year is January - December
FFNTF,quarterly,Q1 2024,"Mar '24 Mar 31, 2024","18,842,000",Financials in USD,Fiscal year is January - December
FFNTF,quarterly,Q4 2023,"Dec '23 Dec 31, 2023","20,979,000",Financials in USD,Fiscal year is January - December
FFNTF,quarterly,Q3 2023,"Sep '23 Sep 30, 2023","23,002,000",Financials in USD,Fiscal year is January - December
FFNTF,quarterly,Q2 2023,"Jun '23 Jun 30, 2023","27,175,000",Financials in USD,Fiscal year is January - December
FFNTF,quarterly,Q1 2023,"Mar '23 Mar 31, 2023","26,279,000",Financials in USD,Fiscal year is January - December
FFNTF,quarterly,Q4 2022,"Dec '22 Dec 31, 2022","27,836,000",Financials in USD,Fiscal year is January - December
FFNTF,quarterly,Q3 2022,"Sep '22 Sep 30, 2022","28,100,000",Financials in USD,Fiscal year is January - December
FFNTF,quarterly,Q2 2022,"Jun '22 Jun 30, 2022",-,Financials in USD,Fiscal year is January - December
FFNTF,quarterly,Q1 2022,"Mar '22 Mar 31, 2022","26,048,000",Financials in USD,Fiscal year is January - December
FFNTF,quarterly,Q4 2021,"Dec '21 Dec 31, 2021","28,534,000",Financials in USD,Fiscal year is January - December
FFNTF,quarterly,Q3 2021,"Sep '21 Sep 30, 2021","25,941,000",Financials in USD,Fiscal year is January - December
FFNTF,quarterly,Q2 2021,"Jun '21 Jun 30, 2021","27,121,000",Financials in USD,Fiscal year is January - December
FFNTF,quarterly,Q1 2021,"Mar '21 Mar 31, 2021","22,970,000",Financials in USD,Fiscal year is January - December
FFNTF,quarterly,Q4 2020,"Dec '20 Dec 31, 2020","16,989,000",Financials in USD,Fiscal year is January - December
FFNTF,quarterly,Q3 2020,"Sep '20 Sep 30, 2020","15,293,000",Financials in USD,Fiscal year is January - December
FFNTF,quarterly,Q2 2020,"Jun '20 Jun 30, 2020","12,701,000",Financials in USD,Fiscal year is January - December
FFNTF,quarterly,Q1 2020,"Mar '20 Mar 31, 2020","12,652,000",Financials in USD,Fiscal year is January - December
FFNTF,quarterly,Q4 2019,"Dec '19 Dec 31, 2019","8,946,000",Financials in USD,Fiscal year is January - December
FFNTF,quarterly,+9 Quarters,+9 Quarters,Upgrade,Financials in USD,Fiscal year is January - December
FFNTF,quarterly,Currency,,Financials in USD,Financials in USD,Fiscal year is January - December
FFNTF,quarterly,Fiscal_Year_period,,Fiscal year is January - December,Financials in USD,Fiscal year is January - December
FNCH,annual,TTM,"Jun '24 Jun 30, 2024",-,Financials in USD,Fiscal year is January - December
FNCH,annual,FY 2023,"Dec '23 Dec 31, 2023","107,000",Financials in USD,Fiscal year is January - December
FNCH,annual,FY 2022,"Dec '22 Dec 31, 2022","861,000",Financials in USD,Fiscal year is January - December
FNCH,annual,FY 2021,"Dec '21 Dec 31, 2021","18,532,000",Financials in USD,Fiscal year is January - December
FNCH,annual,FY 2020,"Dec '20 Dec 31, 2020","7,719,000",Financials in USD,Fiscal year is January - December
FNCH,annual,FY 2019,"Dec '19 Dec 31, 2019","10,154,000",Financials in USD,Fiscal year is January - December
FNCH,annual,Currency,,Financials in USD,Financials in USD,Fiscal year is January - December
FNCH,annual,Fiscal_Year_period,,Fiscal year is January - December,Financials in USD,Fiscal year is January - December
FNCH,quarterly,Q2 2024,"Jun '24 Jun 30, 2024",-,Financials in USD,Fiscal year is January - December
FNCH,quarterly,Q1 2024,"Mar '24 Mar 31, 2024",-,Financials in USD,Fiscal year is January - December
FNCH,quarterly,Q4 2023,"Dec '23 Dec 31, 2023",-,Financials in USD,Fiscal year is January - December
FNCH,quarterly,Q3 2023,"Sep '23 Sep 30, 2023",-,Financials in USD,Fiscal year is January - December
FNCH,quarterly,Q2 2023,"Jun '23 Jun 30, 2023",-,Financials in USD,Fiscal year is January - December
FNCH,quarterly,Q1 2023,"Mar '23 Mar 31, 2023","107,000",Financials in USD,Fiscal year is January - December
FNCH,quarterly,Q4 2022,"Dec '22 Dec 31, 2022","8,000",Financials in USD,Fiscal year is January - December
FNCH,quarterly,Q3 2022,"Sep '22 Sep 30, 2022","138,000",Financials in USD,Fiscal year is January - December
FNCH,quarterly,Q2 2022,"Jun '22 Jun 30, 2022","361,000",Financials in USD,Fiscal year is January - December
FNCH,quarterly,Q1 2022,"Mar '22 Mar 31, 2022","354,000",Financials in USD,Fiscal year is January - December
FNCH,quarterly,Q4 2021,"Dec '21 Dec 31, 2021","806,000",Financials in USD,Fiscal year is January - December
FNCH,quarterly,Q3 2021,"Sep '21 Sep 30, 2021","11,343,000",Financials in USD,Fiscal year is January - December
FNCH,quarterly,Q2 2021,"Jun '21 Jun 30, 2021","2,830,000",Financials in USD,Fiscal year is January - December
FNCH,quarterly,Q1 2021,"Mar '21 Mar 31, 2021","3,553,000",Financials in USD,Fiscal year is January - December
FNCH,quarterly,Q4 2020,"Dec '20 Dec 31, 2020","1,807,000",Financials in USD,Fiscal year is January - December
FNCH,quarterly,Q3 2020,"Sep '20 Sep 30, 2020","1,771,000",Financials in USD,Fiscal year is January - December
FNCH,quarterly,Q2 2020,"Jun '20 Jun 30, 2020","2,349,000",Financials in USD,Fiscal year is January - December
FNCH,quarterly,Q1 2020,"Mar '20 Mar 31, 2020","1,792,000",Financials in USD,Fiscal year is January - December
FNCH,quarterly,Currency,,Financials in USD,Financials in USD,Fiscal year is January - December
FNCH,quarterly,Fiscal_Year_period,,Fiscal year is January - December,Financials in USD,Fiscal year is January - December
FRTX,annual,TTM,"Dec '23 Dec 31, 2023","8,006,000",Financials in USD,Fiscal year is January - December
FRTX,annual,FY 2023,"Dec '23 Dec 31, 2023","8,006,000",Financials in USD,Fiscal year is January - December
FRTX,annual,FY 2022,"Dec '22 Dec 31, 2022","6,943,000",Financials in USD,Fiscal year is January - December
FRTX,annual,FY 2021,"Dec '21 Dec 31, 2021","404,000",Financials in USD,Fiscal year is January - December
FRTX,annual,FY 2020,"Dec '20 Dec 31, 2020","1,822,000",Financials in USD,Fiscal year is January - December
FRTX,annual,FY 2019,"Dec '19 Dec 31, 2019","7,917,000",Financials in USD,Fiscal year is January - December
FRTX,annual,2018 - 2017,2018 - 2017,Upgrade,Financials in USD,Fiscal year is January - December
FRTX,annual,Currency,,Financials in USD,Financials in USD,Fiscal year is January - December
FRTX,annual,Fiscal_Year_period,,Fiscal year is January - December,Financials in USD,Fiscal year is January - December
FRTX,quarterly,Q4 2023,"Dec '23 Dec 31, 2023",-,Financials in USD,Fiscal year is January - December
FRTX,quarterly,Q3 2023,"Sep '23 Sep 30, 2023","7,944,000",Financials in USD,Fiscal year is January - December
FRTX,quarterly,Q2 2023,"Jun '23 Jun 30, 2023","53,000",Financials in USD,Fiscal year is January - December
FRTX,quarterly,Q1 2023,"Mar '23 Mar 31, 2023","9,000",Financials in USD,Fiscal year is January - December
FRTX,quarterly,Q4 2022,"Dec '22 Dec 31, 2022","2,050,000",Financials in USD,Fiscal year is January - December
FRTX,quarterly,Q3 2022,"Sep '22 Sep 30, 2022","486,000",Financials in USD,Fiscal year is January - December
FRTX,quarterly,Q2 2022,"Jun '22 Jun 30, 2022","4,315,000",Financials in USD,Fiscal year is January - December
FRTX,quarterly,Q1 2022,"Mar '22 Mar 31, 2022","92,000",Financials in USD,Fiscal year is January - December
FRTX,quarterly,Q4 2021,"Dec '21 Dec 31, 2021","104,000",Financials in USD,Fiscal year is January - December
FRTX,quarterly,Q3 2021,"Sep '21 Sep 30, 2021","132,000",Financials in USD,Fiscal year is January - December
FRTX,quarterly,Q2 2021,"Jun '21 Jun 30, 2021","151,000",Financials in USD,Fiscal year is January - December
FRTX,quarterly,Q1 2021,"Mar '21 Mar 31, 2021","17,000",Financials in USD,Fiscal year is January - December
FRTX,quarterly,Q4 2020,"Dec '20 Dec 31, 2020","27,000",Financials in USD,Fiscal year is January - December
FRTX,quarterly,Q3 2020,"Sep '20 Sep 30, 2020","142,000",Financials in USD,Fiscal year is January - December
FRTX,quarterly,Q2 2020,"Jun '20 Jun 30, 2020","607,000",Financials in USD,Fiscal year is January - December
FRTX,quarterly,Q1 2020,"Mar '20 Mar 31, 2020","1,046,000",Financials in USD,Fiscal year is January - December
FRTX,quarterly,Q4 2019,"Dec '19 Dec 31, 2019","669,000",Financials in USD,Fiscal year is January - December
FRTX,quarterly,Q3 2019,"Sep '19 Sep 30, 2019","1,183,000",Financials in USD,Fiscal year is January - December
FRTX,quarterly,Q2 2019,"Jun '19 Jun 30, 2019","2,573,000",Financials in USD,Fiscal year is January - December
FRTX,quarterly,Q1 2019,"Mar '19 Mar 31, 2019","3,492,000",Financials in USD,Fiscal year is January - December
FRTX,quarterly,+4 Quarters,+4 Quarters,Upgrade,Financials in USD,Fiscal year is January - December
FRTX,quarterly,Currency,,Financials in USD,Financials in USD,Fiscal year is January - December
FRTX,quarterly,Fiscal_Year_period,,Fiscal year is January - December,Financials in USD,Fiscal year is January - December
GCAN,annual,TTM,"Sep '24 Sep 30, 2024",-,Financials in USD,Fiscal year is January - December
GCAN,annual,FY 2023,"Dec '23 Dec 31, 2023",-,Financials in USD,Fiscal year is January - December
GCAN,annual,FY 2022,"Dec '22 Dec 31, 2022",-,Financials in USD,Fiscal year is January - December
GCAN,annual,FY 2021,"Dec '21 Dec 31, 2021","12,630",Financials in USD,Fiscal year is January - December
GCAN,annual,FY 2020,"Dec '20 Dec 31, 2020","48,044",Financials in USD,Fiscal year is January - December
GCAN,annual,FY 2019,"Dec '19 Dec 31, 2019","7,120",Financials in USD,Fiscal year is January - December
GCAN,annual,2018,2018,Upgrade,Financials in USD,Fiscal year is January - December
GCAN,annual,Currency,,Financials in USD,Financials in USD,Fiscal year is January - December
GCAN,annual,Fiscal_Year_period,,Fiscal year is January - December,Financials in USD,Fiscal year is January - December
GCAN,quarterly,Q3 2024,"Sep '24 Sep 30, 2024",-,Financials in USD,Fiscal year is January - December
GCAN,quarterly,Q2 2024,"Jun '24 Jun 30, 2024",-,Financials in USD,Fiscal year is January - December
GCAN,quarterly,Q1 2024,"Mar '24 Mar 31, 2024",-,Financials in USD,Fiscal year is January - December
GCAN,quarterly,Q4 2023,"Dec '23 Dec 31, 2023",-,Financials in USD,Fiscal year is January - December
GCAN,quarterly,Q3 2023,"Sep '23 Sep 30, 2023",-,Financials in USD,Fiscal year is January - December
GCAN,quarterly,Q2 2023,"Jun '23 Jun 30, 2023",-,Financials in USD,Fiscal year is January - December
GCAN,quarterly,Q1 2023,"Mar '23 Mar 31, 2023",-,Financials in USD,Fiscal year is January - December
GCAN,quarterly,Q4 2022,"Dec '22 Dec 31, 2022",-,Financials in USD,Fiscal year is January - December
GCAN,quarterly,Q3 2022,"Sep '22 Sep 30, 2022",-,Financials in USD,Fiscal year is January - December
GCAN,quarterly,Q2 2022,"Jun '22 Jun 30, 2022",-,Financials in USD,Fiscal year is January - December
GCAN,quarterly,Q1 2022,"Mar '22 Mar 31, 2022",-,Financials in USD,Fiscal year is January - December
GCAN,quarterly,Q4 2021,"Dec '21 Dec 31, 2021",-,Financials in USD,Fiscal year is January - December
GCAN,quarterly,Q3 2021,"Sep '21 Sep 30, 2021",-,Financials in USD,Fiscal year is January - December
GCAN,quarterly,Q2 2021,"Jun '21 Jun 30, 2021","12,630",Financials in USD,Fiscal year is January - December
GCAN,quarterly,Q1 2021,"Mar '21 Mar 31, 2021",-,Financials in USD,Fiscal year is January - December
GCAN,quarterly,Q4 2020,"Dec '20 Dec 31, 2020",-,Financials in USD,Fiscal year is January - December
GCAN,quarterly,Q3 2020,"Sep '20 Sep 30, 2020",-,Financials in USD,Fiscal year is January - December
GCAN,quarterly,Q2 2020,"Jun '20 Jun 30, 2020","48,044",Financials in USD,Fiscal year is January - December
GCAN,quarterly,Q1 2020,"Mar '20 Mar 31, 2020",-,Financials in USD,Fiscal year is January - December
GCAN,quarterly,Q4 2019,"Dec '19 Dec 31, 2019","4,500",Financials in USD,Fiscal year is January - December
GCAN,quarterly,+7 Quarters,+7 Quarters,Upgrade,Financials in USD,Fiscal year is January - December
GCAN,quarterly,Currency,,Financials in USD,Financials in USD,Fiscal year is January - December
GCAN,quarterly,Fiscal_Year_period,,Fiscal year is January - December,Financials in USD,Fiscal year is January - December
GLASF,annual,TTM,"Sep '24 Sep 30, 2024","188,287,847",Financials in USD,Fiscal year is January - December
GLASF,annual,FY 2023,"Dec '23 Dec 31, 2023","160,835,847",Financials in USD,Fiscal year is January - December
GLASF,annual,FY 2022,"Dec '22 Dec 31, 2022","84,873,992",Financials in USD,Fiscal year is January - December
GLASF,annual,FY 2021,"Dec '21 Dec 31, 2021","63,192,506",Financials in USD,Fiscal year is January - December
GLASF,annual,FY 2020,"Dec '20 Dec 31, 2020","48,259,601",Financials in USD,Fiscal year is January - December
GLASF,annual,FY 2019,"Dec '19 Dec 31, 2019","16,941,426",Financials in USD,Fiscal year is January - December
GLASF,annual,2018,2018,Upgrade,Financials in USD,Fiscal year is January - December
GLASF,annual,Currency,,Financials in USD,Financials in USD,Fiscal year is January - December
GLASF,annual,Fiscal_Year_period,,Fiscal year is January - December,Financials in USD,Fiscal year is January - December
GLASF,quarterly,Q3 2024,"Sep '24 Sep 30, 2024","63,821,000",Financials in USD,Fiscal year is January - December
GLASF,quarterly,Q2 2024,"Jun '24 Jun 30, 2024","53,938,000",Financials in USD,Fiscal year is January - December
GLASF,quarterly,Q1 2024,"Mar '24 Mar 31, 2024","30,100,588",Financials in USD,Fiscal year is January - December
GLASF,quarterly,Q4 2023,"Dec '23 Dec 31, 2023","38,961,936",Financials in USD,Fiscal year is January - December
GLASF,quarterly,Q3 2023,"Sep '23 Sep 30, 2023","48,187,000",Financials in USD,Fiscal year is January - December
GLASF,quarterly,Q2 2023,"Jun '23 Jun 30, 2023","44,665,000",Financials in USD,Fiscal year is January - December
GLASF,quarterly,Q1 2023,"Mar '23 Mar 31, 2023","27,554,710",Financials in USD,Fiscal year is January - December
GLASF,quarterly,Q4 2022,"Dec '22 Dec 31, 2022","26,171,539",Financials in USD,Fiscal year is January - December
GLASF,quarterly,Q3 2022,"Sep '22 Sep 30, 2022","28,256,835",Financials in USD,Fiscal year is January - December
GLASF,quarterly,Q2 2022,"Jun '22 Jun 30, 2022","16,473,247",Financials in USD,Fiscal year is January - December
GLASF,quarterly,Q1 2022,"Mar '22 Mar 31, 2022","12,170,142",Financials in USD,Fiscal year is January - December
GLASF,quarterly,Q4 2021,"Dec '21 Dec 31, 2021","18,360,442",Financials in USD,Fiscal year is January - December
GLASF,quarterly,Q3 2021,"Sep '21 Sep 30, 2021","17,171,852",Financials in USD,Fiscal year is January - December
GLASF,quarterly,Q2 2021,"Jun '21 Jun 30, 2021","18,674,277",Financials in USD,Fiscal year is January - December
GLASF,quarterly,Q1 2021,"Mar '21 Mar 31, 2021","15,240,281",Financials in USD,Fiscal year is January - December
GLASF,quarterly,Q4 2020,"Dec '20 Dec 31, 2020","16,939,792",Financials in USD,Fiscal year is January - December
GLASF,quarterly,Q3 2020,"Sep '20 Sep 30, 2020","13,307,759",Financials in USD,Fiscal year is January - December
GLASF,quarterly,Q2 2020,"Jun '20 Jun 30, 2020","11,562,723",Financials in USD,Fiscal year is January - December
GLASF,quarterly,Q1 2020,"Mar '20 Mar 31, 2020","6,449,327",Financials in USD,Fiscal year is January - December
GLASF,quarterly,Currency,,Financials in USD,Financials in USD,Fiscal year is January - December
GLASF,quarterly,Fiscal_Year_period,,Fiscal year is January - December,Financials in USD,Fiscal year is January - December
GLUC,annual,TTM,"Sep '22 Sep 30, 2022","1,112,699",Financials in USD,Fiscal year is January - December
GLUC,annual,FY 2021,"Dec '21 Dec 31, 2021","953,681",Financials in USD,Fiscal year is January - December
GLUC,annual,FY 2020,"Dec '20 Dec 31, 2020","480,713",Financials in USD,Fiscal year is January - December
GLUC,annual,FY 2016,"Dec '16 Dec 31, 2016","313,229",Financials in USD,Fiscal year is January - December
GLUC,annual,FY 2015,"Dec '15 Dec 31, 2015","4,272",Financials in USD,Fiscal year is January - December
GLUC,annual,FY 2014,"Dec '14 Dec 31, 2014","2,739",Financials in USD,Fiscal year is January - December
GLUC,annual,2013 - 2009,2013 - 2009,Upgrade,Financials in USD,Fiscal year is January - December
GLUC,annual,Currency,,Financials in USD,Financials in USD,Fiscal year is January - December
GLUC,annual,Fiscal_Year_period,,Fiscal year is January - December,Financials in USD,Fiscal year is January - December
GLUC,quarterly,Q3 2022,"Sep '22 Sep 30, 2022","340,681",Financials in USD,Fiscal year is January - December
GLUC,quarterly,Q2 2022,"Jun '22 Jun 30, 2022","364,022",Financials in USD,Fiscal year is January - December
GLUC,quarterly,Q1 2022,"Mar '22 Mar 31, 2022","213,813",Financials in USD,Fiscal year is January - December
GLUC,quarterly,Q3 2021,"Sep '21 Sep 30, 2021","234,930",Financials in USD,Fiscal year is January - December
GLUC,quarterly,Q2 2021,"Jun '21 Jun 30, 2021","287,103",Financials in USD,Fiscal year is January - December
GLUC,quarterly,Q1 2021,"Mar '21 Mar 31, 2021","237,465",Financials in USD,Fiscal year is January - December
GLUC,quarterly,Q3 2017,"Sep '17 Sep 30, 2017","23,783",Financials in USD,Fiscal year is January - December
GLUC,quarterly,Q2 2017,"Jun '17 Jun 30, 2017","34,046",Financials in USD,Fiscal year is January - December
GLUC,quarterly,Q1 2017,"Mar '17 Mar 31, 2017","15,111",Financials in USD,Fiscal year is January - December
GLUC,quarterly,Q4 2016,"Dec '16 Dec 31, 2016","15,190",Financials in USD,Fiscal year is January - December
GLUC,quarterly,Q3 2016,"Sep '16 Sep 30, 2016","2,110",Financials in USD,Fiscal year is January - December
GLUC,quarterly,Q2 2016,"Jun '16 Jun 30, 2016","295,809",Financials in USD,Fiscal year is January - December
GLUC,quarterly,Q1 2016,"Mar '16 Mar 31, 2016",120,Financials in USD,Fiscal year is January - December
GLUC,quarterly,Q4 2015,"Dec '15 Dec 31, 2015","1,640",Financials in USD,Fiscal year is January - December
GLUC,quarterly,Q3 2015,"Sep '15 Sep 30, 2015","2,055",Financials in USD,Fiscal year is January - December
GLUC,quarterly,Q2 2015,"Jun '15 Jun 30, 2015",552,Financials in USD,Fiscal year is January - December
GLUC,quarterly,Q1 2015,"Mar '15 Mar 31, 2015",25,Financials in USD,Fiscal year is January - December
GLUC,quarterly,Q4 2014,"Dec '14 Dec 31, 2014",-,Financials in USD,Fiscal year is January - December
GLUC,quarterly,Q3 2014,"Sep '14 Sep 30, 2014","2,250",Financials in USD,Fiscal year is January - December
GLUC,quarterly,Q2 2014,"Jun '14 Jun 30, 2014",442,Financials in USD,Fiscal year is January - December
GLUC,quarterly,+20 Quarters,+20 Quarters,Upgrade,Financials in USD,Fiscal year is January - December
GLUC,quarterly,Currency,,Financials in USD,Financials in USD,Fiscal year is January - December
GLUC,quarterly,Fiscal_Year_period,,Fiscal year is January - December,Financials in USD,Fiscal year is January - December
GRTSQ,annual,TTM,"Jun '24 Jun 30, 2024","14,610,000",Financials in USD,Fiscal year is January - December
GRTSQ,annual,FY 2023,"Dec '23 Dec 31, 2023","16,344,000",Financials in USD,Fiscal year is January - December
GRTSQ,annual,FY 2022,"Dec '22 Dec 31, 2022","19,945,000",Financials in USD,Fiscal year is January - December
GRTSQ,annual,FY 2021,"Dec '21 Dec 31, 2021","48,214,000",Financials in USD,Fiscal year is January - December
GRTSQ,annual,FY 2020,"Dec '20 Dec 31, 2020","4,037,000",Financials in USD,Fiscal year is January - December
GRTSQ,annual,FY 2019,"Dec '19 Dec 31, 2019","4,365,000",Financials in USD,Fiscal year is January - December
GRTSQ,annual,2018 - 2016,2018 - 2016,Upgrade,Financials in USD,Fiscal year is January - December
GRTSQ,annual,Currency,,Financials in USD,Financials in USD,Fiscal year is January - December
GRTSQ,annual,Fiscal_Year_period,,Fiscal year is January - December,Financials in USD,Fiscal year is January - December
GRTSQ,quarterly,Q2 2024,"Jun '24 Jun 30, 2024","921,000",Financials in USD,Fiscal year is January - December
GRTSQ,quarterly,Q1 2024,"Mar '24 Mar 31, 2024","1,742,000",Financials in USD,Fiscal year is January - December
GRTSQ,quarterly,Q4 2023,"Dec '23 Dec 31, 2023","10,383,000",Financials in USD,Fiscal year is January - December
GRTSQ,quarterly,Q3 2023,"Sep '23 Sep 30, 2023","1,565,000",Financials in USD,Fiscal year is January - December
GRTSQ,quarterly,Q2 2023,"Jun '23 Jun 30, 2023","1,955,000",Financials in USD,Fiscal year is January - December
GRTSQ,quarterly,Q1 2023,"Mar '23 Mar 31, 2023","2,443,000",Financials in USD,Fiscal year is January - December
GRTSQ,quarterly,Q4 2022,"Dec '22 Dec 31, 2022","4,262,000",Financials in USD,Fiscal year is January - December
GRTSQ,quarterly,Q3 2022,"Sep '22 Sep 30, 2022","3,021,000",Financials in USD,Fiscal year is January - December
GRTSQ,quarterly,Q2 2022,"Jun '22 Jun 30, 2022","5,471,000",Financials in USD,Fiscal year is January - December
GRTSQ,quarterly,Q1 2022,"Mar '22 Mar 31, 2022","7,191,000",Financials in USD,Fiscal year is January - December
GRTSQ,quarterly,Q4 2021,"Dec '21 Dec 31, 2021","3,064,000",Financials in USD,Fiscal year is January - December
GRTSQ,quarterly,Q3 2021,"Sep '21 Sep 30, 2021","2,614,000",Financials in USD,Fiscal year is January - December
GRTSQ,quarterly,Q2 2021,"Jun '21 Jun 30, 2021","2,843,000",Financials in USD,Fiscal year is January - December
GRTSQ,quarterly,Q1 2021,"Mar '21 Mar 31, 2021","39,693,000",Financials in USD,Fiscal year is January - December
GRTSQ,quarterly,Q4 2020,"Dec '20 Dec 31, 2020","1,349,000",Financials in USD,Fiscal year is January - December
GRTSQ,quarterly,Q3 2020,"Sep '20 Sep 30, 2020","939,000",Financials in USD,Fiscal year is January - December
GRTSQ,quarterly,Q2 2020,"Jun '20 Jun 30, 2020","488,000",Financials in USD,Fiscal year is January - December
GRTSQ,quarterly,Q1 2020,"Mar '20 Mar 31, 2020","1,262,000",Financials in USD,Fiscal year is January - December
GRTSQ,quarterly,Q4 2019,"Dec '19 Dec 31, 2019","884,000",Financials in USD,Fiscal year is January - December
GRTSQ,quarterly,Q3 2019,"Sep '19 Sep 30, 2019","984,000",Financials in USD,Fiscal year is January - December
GRTSQ,quarterly,+10 Quarters,+10 Quarters,Upgrade,Financials in USD,Fiscal year is January - December
GRTSQ,quarterly,Currency,,Financials in USD,Financials in USD,Fiscal year is January - December
GRTSQ,quarterly,Fiscal_Year_period,,Fiscal year is January - December,Financials in USD,Fiscal year is January - December
GSAC,annual,TTM,"Jun '24 Jun 30, 2024","212,378",Financials in USD,Fiscal year is January - December
GSAC,annual,FY 2023,"Dec '23 Dec 31, 2023","149,527",Financials in USD,Fiscal year is January - December
GSAC,annual,FY 2022,"Dec '22 Dec 31, 2022","2,333",Financials in USD,Fiscal year is January - December
GSAC,annual,FY 2021,"Dec '21 Dec 31, 2021","7,022",Financials in USD,Fiscal year is January - December
GSAC,annual,FY 2020,"Dec '20 Dec 31, 2020","3,950",Financials in USD,Fiscal year is January - December
GSAC,annual,FY 2019,"Dec '19 Dec 31, 2019",-,Financials in USD,Fiscal year is January - December
GSAC,annual,2018 - 2014,2018 - 2014,Upgrade,Financials in USD,Fiscal year is January - December
GSAC,annual,Currency,,Financials in USD,Financials in USD,Fiscal year is January - December
GSAC,annual,Fiscal_Year_period,,Fiscal year is January - December,Financials in USD,Fiscal year is January - December
GSAC,quarterly,Q2 2024,"Jun '24 Jun 30, 2024","77,923",Financials in USD,Fiscal year is January - December
GSAC,quarterly,Q1 2024,"Mar '24 Mar 31, 2024","57,618",Financials in USD,Fiscal year is January - December
GSAC,quarterly,Q4 2023,"Dec '23 Dec 31, 2023","62,437",Financials in USD,Fiscal year is January - December
GSAC,quarterly,Q3 2023,"Sep '23 Sep 30, 2023","34,705",Financials in USD,Fiscal year is January - December
GSAC,quarterly,Q2 2023,"Jun '23 Jun 30, 2023","31,431",Financials in USD,Fiscal year is January - December
GSAC,quarterly,Q1 2023,"Mar '23 Mar 31, 2023","26,193",Financials in USD,Fiscal year is January - December
GSAC,quarterly,Q4 2022,"Dec '22 Dec 31, 2022",194,Financials in USD,Fiscal year is January - December
GSAC,quarterly,Q3 2022,"Sep '22 Sep 30, 2022",595,Financials in USD,Fiscal year is January - December
GSAC,quarterly,Q2 2022,"Jun '22 Jun 30, 2022",884,Financials in USD,Fiscal year is January - December
GSAC,quarterly,Q1 2022,"Mar '22 Mar 31, 2022",772,Financials in USD,Fiscal year is January - December
GSAC,quarterly,Q4 2021,"Dec '21 Dec 31, 2021","1,406",Financials in USD,Fiscal year is January - December
GSAC,quarterly,Q3 2021,"Sep '21 Sep 30, 2021","1,717",Financials in USD,Fiscal year is January - December
GSAC,quarterly,Q2 2021,"Jun '21 Jun 30, 2021","1,929",Financials in USD,Fiscal year is January - December
GSAC,quarterly,Q1 2021,"Mar '21 Mar 31, 2021","1,950",Financials in USD,Fiscal year is January - December
GSAC,quarterly,Q4 2020,"Dec '20 Dec 31, 2020",255,Financials in USD,Fiscal year is January - December
GSAC,quarterly,Q3 2020,"Sep '20 Sep 30, 2020","3,695",Financials in USD,Fiscal year is January - December
GSAC,quarterly,Q2 2020,"Jun '20 Jun 30, 2020",-,Financials in USD,Fiscal year is January - December
GSAC,quarterly,Q1 2020,"Mar '20 Mar 31, 2020",-,Financials in USD,Fiscal year is January - December
GSAC,quarterly,Q2 2015,"Jun '15 Jun 30, 2015","72,574",Financials in USD,Fiscal year is January - December
GSAC,quarterly,Q1 2015,"Mar '15 Mar 31, 2015","315,295",Financials in USD,Fiscal year is January - December
GSAC,quarterly,+20 Quarters,+20 Quarters,Upgrade,Financials in USD,Fiscal year is January - December
GSAC,quarterly,Currency,,Financials in USD,Financials in USD,Fiscal year is January - December
GSAC,quarterly,Fiscal_Year_period,,Fiscal year is January - December,Financials in USD,Fiscal year is January - December
GSTC,annual,TTM,"Jun '24 Jun 30, 2024",-,Financials in USD,Fiscal year is October - September
GSTC,annual,FY 2023,"Sep '23 Sep 30, 2023",-,Financials in USD,Fiscal year is October - September
GSTC,annual,FY 2022,"Sep '22 Sep 30, 2022",-,Financials in USD,Fiscal year is October - September
GSTC,annual,FY 2021,"Sep '21 Sep 30, 2021",-,Financials in USD,Fiscal year is October - September
GSTC,annual,FY 2020,"Sep '20 Sep 30, 2020",77,Financials in USD,Fiscal year is October - September
GSTC,annual,FY 2019,"Sep '19 Sep 30, 2019",425,Financials in USD,Fiscal year is October - September
GSTC,annual,2018 - 2016,2018 - 2016,Upgrade,Financials in USD,Fiscal year is October - September
GSTC,annual,Currency,,Financials in USD,Financials in USD,Fiscal year is October - September
GSTC,annual,Fiscal_Year_period,,Fiscal year is October - September,Financials in USD,Fiscal year is October - September
GSTC,quarterly,Q3 2024,"Jun '24 Jun 30, 2024",-,Financials in USD,Fiscal year is October - September
GSTC,quarterly,Q2 2024,"Mar '24 Mar 31, 2024",-,Financials in USD,Fiscal year is October - September
GSTC,quarterly,Q1 2024,"Dec '23 Dec 31, 2023",-,Financials in USD,Fiscal year is October - September
GSTC,quarterly,Q4 2023,"Sep '23 Sep 30, 2023",-,Financials in USD,Fiscal year is October - September
GSTC,quarterly,Q3 2023,"Jun '23 Jun 30, 2023",-,Financials in USD,Fiscal year is October - September
GSTC,quarterly,Q2 2023,"Mar '23 Mar 31, 2023",-,Financials in USD,Fiscal year is October - September
GSTC,quarterly,Q1 2023,"Dec '22 Dec 31, 2022",-,Financials in USD,Fiscal year is October - September
GSTC,quarterly,Q4 2022,"Sep '22 Sep 30, 2022",-,Financials in USD,Fiscal year is October - September
GSTC,quarterly,Q3 2022,"Jun '22 Jun 30, 2022",-,Financials in USD,Fiscal year is October - September
GSTC,quarterly,Q2 2022,"Mar '22 Mar 31, 2022",-,Financials in USD,Fiscal year is October - September
GSTC,quarterly,Q1 2022,"Dec '21 Dec 31, 2021",-,Financials in USD,Fiscal year is October - September
GSTC,quarterly,Q4 2021,"Sep '21 Sep 30, 2021",-,Financials in USD,Fiscal year is October - September
GSTC,quarterly,Q3 2021,"Jun '21 Jun 30, 2021",-,Financials in USD,Fiscal year is October - September
GSTC,quarterly,Q2 2021,"Mar '21 Mar 31, 2021",-,Financials in USD,Fiscal year is October - September
GSTC,quarterly,Q1 2021,"Dec '20 Dec 31, 2020",-,Financials in USD,Fiscal year is October - September
GSTC,quarterly,Q4 2020,"Sep '20 Sep 30, 2020",-,Financials in USD,Fiscal year is October - September
GSTC,quarterly,Q3 2020,"Jun '20 Jun 30, 2020",-,Financials in USD,Fiscal year is October - September
GSTC,quarterly,Q2 2020,"Mar '20 Mar 31, 2020",-,Financials in USD,Fiscal year is October - September
GSTC,quarterly,Q1 2020,"Dec '19 Dec 31, 2019",77,Financials in USD,Fiscal year is October - September
GSTC,quarterly,Q4 2019,"Sep '19 Sep 30, 2019",125,Financials in USD,Fiscal year is October - September
GSTC,quarterly,+12 Quarters,+12 Quarters,Upgrade,Financials in USD,Fiscal year is October - September
GSTC,quarterly,Currency,,Financials in USD,Financials in USD,Fiscal year is October - September
GSTC,quarterly,Fiscal_Year_period,,Fiscal year is October - September,Financials in USD,Fiscal year is October - September
HENC,annual,TTM,"Sep '23 Sep 30, 2023",-,Financials in USD,Fiscal year is January - December
HENC,annual,FY 2022,"Dec '22 Dec 31, 2022",-,Financials in USD,Fiscal year is January - December
HENC,annual,FY 2021,"Dec '21 Dec 31, 2021","1,525",Financials in USD,Fiscal year is January - December
HENC,annual,FY 2020,"Dec '20 Dec 31, 2020",197,Financials in USD,Fiscal year is January - December
HENC,annual,FY 2019,"Dec '19 Dec 31, 2019",-,Financials in USD,Fiscal year is January - December
HENC,annual,FY 2015,"Dec '15 Dec 31, 2015",-,Financials in USD,Fiscal year is January - December
HENC,annual,2014 - 2010,2014 - 2010,Upgrade,Financials in USD,Fiscal year is January - December
HENC,annual,Currency,,Financials in USD,Financials in USD,Fiscal year is January - December
HENC,annual,Fiscal_Year_period,,Fiscal year is January - December,Financials in USD,Fiscal year is January - December
HENC,quarterly,Q3 2023,"Sep '23 Sep 30, 2023",-,Financials in USD,Fiscal year is January - December
HENC,quarterly,Q2 2023,"Jun '23 Jun 30, 2023",-,Financials in USD,Fiscal year is January - December
HENC,quarterly,Q1 2023,"Mar '23 Mar 31, 2023",-,Financials in USD,Fiscal year is January - December
HENC,quarterly,Q4 2022,"Dec '22 Dec 31, 2022",-,Financials in USD,Fiscal year is January - December
HENC,quarterly,Q3 2022,"Sep '22 Sep 30, 2022",-,Financials in USD,Fiscal year is January - December
HENC,quarterly,Q2 2022,"Jun '22 Jun 30, 2022",-,Financials in USD,Fiscal year is January - December
HENC,quarterly,Q1 2022,"Mar '22 Mar 31, 2022",-,Financials in USD,Fiscal year is January - December
HENC,quarterly,Q4 2021,"Dec '21 Dec 31, 2021",-360,Financials in USD,Fiscal year is January - December
HENC,quarterly,Q3 2021,"Sep '21 Sep 30, 2021",-,Financials in USD,Fiscal year is January - December
HENC,quarterly,Q2 2021,"Jun '21 Jun 30, 2021",-,Financials in USD,Fiscal year is January - December
HENC,quarterly,Q1 2021,"Mar '21 Mar 31, 2021","1,885",Financials in USD,Fiscal year is January - December
HENC,quarterly,Q4 2020,"Dec '20 Dec 31, 2020",99,Financials in USD,Fiscal year is January - December
HENC,quarterly,Q3 2020,"Sep '20 Sep 30, 2020",99,Financials in USD,Fiscal year is January - December
HENC,quarterly,Q2 2020,"Jun '20 Jun 30, 2020",-,Financials in USD,Fiscal year is January - December
HENC,quarterly,Q1 2020,"Mar '20 Mar 31, 2020",-,Financials in USD,Fiscal year is January - December
HENC,quarterly,Q1 2016,"Mar '16 Mar 31, 2016",-,Financials in USD,Fiscal year is January - December
HENC,quarterly,Q4 2015,"Dec '15 Dec 31, 2015",-,Financials in USD,Fiscal year is January - December
HENC,quarterly,Q3 2015,"Sep '15 Sep 30, 2015",-,Financials in USD,Fiscal year is January - December
HENC,quarterly,Q2 2015,"Jun '15 Jun 30, 2015",-,Financials in USD,Fiscal year is January - December
HENC,quarterly,Q1 2015,"Mar '15 Mar 31, 2015",-,Financials in USD,Fiscal year is January - December
HENC,quarterly,+20 Quarters,+20 Quarters,Upgrade,Financials in USD,Fiscal year is January - December
HENC,quarterly,Currency,,Financials in USD,Financials in USD,Fiscal year is January - December
HENC,quarterly,Fiscal_Year_period,,Fiscal year is January - December,Financials in USD,Fiscal year is January - December
HYEX,annual,TTM,"Sep '24 Sep 30, 2024","3,010,989",Financials in USD,Fiscal year is January - December
HYEX,annual,FY 2023,"Dec '23 Dec 31, 2023","2,485,866",Financials in USD,Fiscal year is January - December
HYEX,annual,FY 2022,"Dec '22 Dec 31, 2022","2,251,469",Financials in USD,Fiscal year is January - December
HYEX,annual,FY 2021,"Dec '21 Dec 31, 2021","1,676,598",Financials in USD,Fiscal year is January - December
HYEX,annual,FY 2020,"Dec '20 Dec 31, 2020","1,276,559",Financials in USD,Fiscal year is January - December
HYEX,annual,FY 2019,"Dec '19 Dec 31, 2019","748,377",Financials in USD,Fiscal year is January - December
HYEX,annual,2018,2018,Upgrade,Financials in USD,Fiscal year is January - December
HYEX,annual,Currency,,Financials in USD,Financials in USD,Fiscal year is January - December
HYEX,annual,Fiscal_Year_period,,Fiscal year is January - December,Financials in USD,Fiscal year is January - December
HYEX,quarterly,Q3 2024,"Sep '24 Sep 30, 2024","744,916",Financials in USD,Fiscal year is January - December
HYEX,quarterly,Q2 2024,"Jun '24 Jun 30, 2024","908,389",Financials in USD,Fiscal year is January - December
HYEX,quarterly,Q1 2024,"Mar '24 Mar 31, 2024","688,786",Financials in USD,Fiscal year is January - December
HYEX,quarterly,Q4 2023,"Dec '23 Dec 31, 2023","668,898",Financials in USD,Fiscal year is January - December
HYEX,quarterly,Q3 2023,"Sep '23 Sep 30, 2023","613,541",Financials in USD,Fiscal year is January - December
HYEX,quarterly,Q2 2023,"Jun '23 Jun 30, 2023","588,484",Financials in USD,Fiscal year is January - December
HYEX,quarterly,Q1 2023,"Mar '23 Mar 31, 2023","614,943",Financials in USD,Fiscal year is January - December
HYEX,quarterly,Q4 2022,"Dec '22 Dec 31, 2022","818,619",Financials in USD,Fiscal year is January - December
HYEX,quarterly,Q3 2022,"Sep '22 Sep 30, 2022","499,653",Financials in USD,Fiscal year is January - December
HYEX,quarterly,Q2 2022,"Jun '22 Jun 30, 2022","469,812",Financials in USD,Fiscal year is January - December
HYEX,quarterly,Q1 2022,"Mar '22 Mar 31, 2022","551,654",Financials in USD,Fiscal year is January - December
HYEX,quarterly,Q4 2021,"Dec '21 Dec 31, 2021","882,405",Financials in USD,Fiscal year is January - December
HYEX,quarterly,Q3 2021,"Sep '21 Sep 30, 2021","379,875",Financials in USD,Fiscal year is January - December
HYEX,quarterly,Q2 2021,"Jun '21 Jun 30, 2021","243,886",Financials in USD,Fiscal year is January - December
HYEX,quarterly,Q1 2021,"Mar '21 Mar 31, 2021","170,433",Financials in USD,Fiscal year is January - December
HYEX,quarterly,Q4 2020,"Dec '20 Dec 31, 2020","135,902",Financials in USD,Fiscal year is January - December
HYEX,quarterly,Q3 2020,"Sep '20 Sep 30, 2020","533,099",Financials in USD,Fiscal year is January - December
HYEX,quarterly,Q2 2020,"Jun '20 Jun 30, 2020","151,719",Financials in USD,Fiscal year is January - December
HYEX,quarterly,Q1 2020,"Mar '20 Mar 31, 2020","455,839",Financials in USD,Fiscal year is January - December
HYEX,quarterly,Q4 2019,"Dec '19 Dec 31, 2019","176,762",Financials in USD,Fiscal year is January - December
HYEX,quarterly,+7 Quarters,+7 Quarters,Upgrade,Financials in USD,Fiscal year is January - December
HYEX,quarterly,Currency,,Financials in USD,Financials in USD,Fiscal year is January - December
HYEX,quarterly,Fiscal_Year_period,,Fiscal year is January - December,Financials in USD,Fiscal year is January - December
INBP,annual,TTM,"Sep '24 Sep 30, 2024","51,019,000",Financials in USD,Fiscal year is July - June
INBP,annual,FY 2024,"Jun '24 Jun 30, 2024","50,317,000",Financials in USD,Fiscal year is July - June
INBP,annual,FY 2023,"Jun '23 Jun 30, 2023","50,672,000",Financials in USD,Fiscal year is July - June
INBP,annual,FY 2022,"Jun '22 Jun 30, 2022","56,246,000",Financials in USD,Fiscal year is July - June
INBP,annual,FY 2021,"Jun '21 Jun 30, 2021","63,559,000",Financials in USD,Fiscal year is July - June
INBP,annual,FY 2020,"Jun '20 Jun 30, 2020","52,769,000",Financials in USD,Fiscal year is July - June
INBP,annual,2019 - 2015,2019 - 2015,Upgrade,Financials in USD,Fiscal year is July - June
INBP,annual,Currency,,Financials in USD,Financials in USD,Fiscal year is July - June
INBP,annual,Fiscal_Year_period,,Fiscal year is July - June,Financials in USD,Fiscal year is July - June
INBP,quarterly,Q1 2025,"Sep '24 Sep 30, 2024","13,617,000",Financials in USD,Fiscal year is July - June
INBP,quarterly,Q4 2024,"Jun '24 Jun 30, 2024","12,746,000",Financials in USD,Fiscal year is July - June
INBP,quarterly,Q3 2024,"Mar '24 Mar 31, 2024","13,147,000",Financials in USD,Fiscal year is July - June
INBP,quarterly,Q2 2024,"Dec '23 Dec 31, 2023","11,509,000",Financials in USD,Fiscal year is July - June
INBP,quarterly,Q1 2024,"Sep '23 Sep 30, 2023","12,915,000",Financials in USD,Fiscal year is July - June
INBP,quarterly,Q4 2023,"Jun '23 Jun 30, 2023","12,994,000",Financials in USD,Fiscal year is July - June
INBP,quarterly,Q3 2023,"Mar '23 Mar 31, 2023","13,098,000",Financials in USD,Fiscal year is July - June
INBP,quarterly,Q2 2023,"Dec '22 Dec 31, 2022","12,254,000",Financials in USD,Fiscal year is July - June
INBP,quarterly,Q1 2023,"Sep '22 Sep 30, 2022","12,326,000",Financials in USD,Fiscal year is July - June
INBP,quarterly,Q4 2022,"Jun '22 Jun 30, 2022","13,267,000",Financials in USD,Fiscal year is July - June
INBP,quarterly,Q3 2022,"Mar '22 Mar 31, 2022","15,634,000",Financials in USD,Fiscal year is July - June
INBP,quarterly,Q2 2022,"Dec '21 Dec 31, 2021","14,594,000",Financials in USD,Fiscal year is July - June
INBP,quarterly,Q1 2022,"Sep '21 Sep 30, 2021","12,751,000",Financials in USD,Fiscal year is July - June
INBP,quarterly,Q4 2021,"Jun '21 Jun 30, 2021","17,058,000",Financials in USD,Fiscal year is July - June
INBP,quarterly,Q3 2021,"Mar '21 Mar 31, 2021","17,072,000",Financials in USD,Fiscal year is July - June
INBP,quarterly,Q2 2021,"Dec '20 Dec 31, 2020","14,257,000",Financials in USD,Fiscal year is July - June
INBP,quarterly,Q1 2021,"Sep '20 Sep 30, 2020","15,172,000",Financials in USD,Fiscal year is July - June
INBP,quarterly,Q4 2020,"Jun '20 Jun 30, 2020","13,535,000",Financials in USD,Fiscal year is July - June
INBP,quarterly,Q3 2020,"Mar '20 Mar 31, 2020","13,631,000",Financials in USD,Fiscal year is July - June
INBP,quarterly,Q2 2020,"Dec '19 Dec 31, 2019","14,197,000",Financials in USD,Fiscal year is July - June
INBP,quarterly,+20 Quarters,+20 Quarters,Upgrade,Financials in USD,Fiscal year is July - June
INBP,quarterly,Currency,,Financials in USD,Financials in USD,Fiscal year is July - June
INBP,quarterly,Fiscal_Year_period,,Fiscal year is July - June,Financials in USD,Fiscal year is July - June
INFIQ,annual,TTM,"Jun '23 Jun 30, 2023","2,569,000",Financials in USD,Fiscal year is January - December
INFIQ,annual,FY 2022,"Dec '22 Dec 31, 2022","2,593,000",Financials in USD,Fiscal year is January - December
INFIQ,annual,FY 2021,"Dec '21 Dec 31, 2021","1,858,000",Financials in USD,Fiscal year is January - December
INFIQ,annual,FY 2020,"Dec '20 Dec 31, 2020","1,719,000",Financials in USD,Fiscal year is January - December
INFIQ,annual,FY 2019,"Dec '19 Dec 31, 2019","3,049,000",Financials in USD,Fiscal year is January - December
INFIQ,annual,FY 2018,"Dec '18 Dec 31, 2018","22,146,000",Financials in USD,Fiscal year is January - December
INFIQ,annual,2017 - 2013,2017 - 2013,Upgrade,Financials in USD,Fiscal year is January - December
INFIQ,annual,Currency,,Financials in USD,Financials in USD,Fiscal year is January - December
INFIQ,annual,Fiscal_Year_period,,Fiscal year is January - December,Financials in USD,Fiscal year is January - December
INFIQ,quarterly,Q2 2023,"Jun '23 Jun 30, 2023","583,000",Financials in USD,Fiscal year is January - December
INFIQ,quarterly,Q1 2023,"Mar '23 Mar 31, 2023","731,000",Financials in USD,Fiscal year is January - December
INFIQ,quarterly,Q4 2022,"Dec '22 Dec 31, 2022","543,000",Financials in USD,Fiscal year is January - December
INFIQ,quarterly,Q3 2022,"Sep '22 Sep 30, 2022","712,000",Financials in USD,Fiscal year is January - December
INFIQ,quarterly,Q2 2022,"Jun '22 Jun 30, 2022","686,000",Financials in USD,Fiscal year is January - December
INFIQ,quarterly,Q1 2022,"Mar '22 Mar 31, 2022","652,000",Financials in USD,Fiscal year is January - December
INFIQ,quarterly,Q4 2021,"Dec '21 Dec 31, 2021","451,000",Financials in USD,Fiscal year is January - December
INFIQ,quarterly,Q3 2021,"Sep '21 Sep 30, 2021","428,000",Financials in USD,Fiscal year is January - December
INFIQ,quarterly,Q2 2021,"Jun '21 Jun 30, 2021","512,000",Financials in USD,Fiscal year is January - December
INFIQ,quarterly,Q1 2021,"Mar '21 Mar 31, 2021","467,000",Financials in USD,Fiscal year is January - December
INFIQ,quarterly,Q4 2020,"Dec '20 Dec 31, 2020","436,000",Financials in USD,Fiscal year is January - December
INFIQ,quarterly,Q3 2020,"Sep '20 Sep 30, 2020","496,000",Financials in USD,Fiscal year is January - December
INFIQ,quarterly,Q2 2020,"Jun '20 Jun 30, 2020","360,000",Financials in USD,Fiscal year is January - December
INFIQ,quarterly,Q1 2020,"Mar '20 Mar 31, 2020","428,000",Financials in USD,Fiscal year is January - December
INFIQ,quarterly,Q4 2019,"Dec '19 Dec 31, 2019","308,000",Financials in USD,Fiscal year is January - December
INFIQ,quarterly,Q3 2019,"Sep '19 Sep 30, 2019","343,000",Financials in USD,Fiscal year is January - December
INFIQ,quarterly,Q2 2019,"Jun '19 Jun 30, 2019","257,000",Financials in USD,Fiscal year is January - December
INFIQ,quarterly,Q1 2019,"Mar '19 Mar 31, 2019","2,142,000",Financials in USD,Fiscal year is January - December
INFIQ,quarterly,Q4 2018,"Dec '18 Dec 31, 2018","146,000",Financials in USD,Fiscal year is January - December
INFIQ,quarterly,Q3 2018,"Sep '18 Sep 30, 2018","22,000,000",Financials in USD,Fiscal year is January - December
INFIQ,quarterly,+20 Quarters,+20 Quarters,Upgrade,Financials in USD,Fiscal year is January - December
INFIQ,quarterly,Currency,,Financials in USD,Financials in USD,Fiscal year is January - December
INFIQ,quarterly,Fiscal_Year_period,,Fiscal year is January - December,Financials in USD,Fiscal year is January - December
IPIX,annual,TTM,"Sep '23 Sep 30, 2023",-,Financials in USD,Fiscal year is July - June
IPIX,annual,FY 2023,"Jun '23 Jun 30, 2023",-,Financials in USD,Fiscal year is July - June
IPIX,annual,FY 2022,"Jun '22 Jun 30, 2022","18,000",Financials in USD,Fiscal year is July - June
IPIX,annual,FY 2021,"Jun '21 Jun 30, 2021",-,Financials in USD,Fiscal year is July - June
IPIX,annual,FY 2020,"Jun '20 Jun 30, 2020","423,000",Financials in USD,Fiscal year is July - June
IPIX,annual,FY 2019,"Jun '19 Jun 30, 2019",-,Financials in USD,Fiscal year is July - June
IPIX,annual,2018 - 2014,2018 - 2014,Upgrade,Financials in USD,Fiscal year is July - June
IPIX,annual,Currency,,Financials in USD,Financials in USD,Fiscal year is July - June
IPIX,annual,Fiscal_Year_period,,Fiscal year is July - June,Financials in USD,Fiscal year is July - June
IPIX,quarterly,Q1 2024,"Sep '23 Sep 30, 2023",-,Financials in USD,Fiscal year is July - June
IPIX,quarterly,Q4 2023,"Jun '23 Jun 30, 2023",-,Financials in USD,Fiscal year is July - June
IPIX,quarterly,Q3 2023,"Mar '23 Mar 31, 2023",-,Financials in USD,Fiscal year is July - June
IPIX,quarterly,Q2 2023,"Dec '22 Dec 31, 2022",-,Financials in USD,Fiscal year is July - June
IPIX,quarterly,Q1 2023,"Sep '22 Sep 30, 2022",-,Financials in USD,Fiscal year is July - June
IPIX,quarterly,Q4 2022,"Jun '22 Jun 30, 2022","18,000",Financials in USD,Fiscal year is July - June
IPIX,quarterly,Q3 2022,"Mar '22 Mar 31, 2022",-,Financials in USD,Fiscal year is July - June
IPIX,quarterly,Q2 2022,"Dec '21 Dec 31, 2021",-,Financials in USD,Fiscal year is July - June
IPIX,quarterly,Q1 2022,"Sep '21 Sep 30, 2021",-,Financials in USD,Fiscal year is July - June
IPIX,quarterly,Q4 2021,"Jun '21 Jun 30, 2021",-,Financials in USD,Fiscal year is July - June
IPIX,quarterly,Q3 2021,"Mar '21 Mar 31, 2021",-,Financials in USD,Fiscal year is July - June
IPIX,quarterly,Q2 2021,"Dec '20 Dec 31, 2020",-,Financials in USD,Fiscal year is July - June
IPIX,quarterly,Q1 2021,"Sep '20 Sep 30, 2020",-,Financials in USD,Fiscal year is July - June
IPIX,quarterly,Q4 2020,"Jun '20 Jun 30, 2020","23,000",Financials in USD,Fiscal year is July - June
IPIX,quarterly,Q3 2020,"Mar '20 Mar 31, 2020",-,Financials in USD,Fiscal year is July - June
IPIX,quarterly,Q2 2020,"Dec '19 Dec 31, 2019",-,Financials in USD,Fiscal year is July - June
IPIX,quarterly,Q1 2020,"Sep '19 Sep 30, 2019","400,000",Financials in USD,Fiscal year is July - June
IPIX,quarterly,Q4 2019,"Jun '19 Jun 30, 2019",-,Financials in USD,Fiscal year is July - June
IPIX,quarterly,Q3 2019,"Mar '19 Mar 31, 2019",-,Financials in USD,Fiscal year is July - June
IPIX,quarterly,Q2 2019,"Dec '18 Dec 31, 2018",-,Financials in USD,Fiscal year is July - June
IPIX,quarterly,+20 Quarters,+20 Quarters,Upgrade,Financials in USD,Fiscal year is July - June
IPIX,quarterly,Currency,,Financials in USD,Financials in USD,Fiscal year is July - June
IPIX,quarterly,Fiscal_Year_period,,Fiscal year is July - June,Financials in USD,Fiscal year is July - June
ISCO,annual,TTM,"Sep '24 Sep 30, 2024","8,528,000",Financials in USD,Fiscal year is January - December
ISCO,annual,FY 2023,"Dec '23 Dec 31, 2023","7,789,000",Financials in USD,Fiscal year is January - December
ISCO,annual,FY 2022,"Dec '22 Dec 31, 2022","8,180,000",Financials in USD,Fiscal year is January - December
ISCO,annual,FY 2021,"Dec '21 Dec 31, 2021","7,176,000",Financials in USD,Fiscal year is January - December
ISCO,annual,FY 2020,"Dec '20 Dec 31, 2020","7,128,000",Financials in USD,Fiscal year is January - December
ISCO,annual,FY 2019,"Dec '19 Dec 31, 2019","9,472,000",Financials in USD,Fiscal year is January - December
ISCO,annual,2018 - 2014,2018 - 2014,Upgrade,Financials in USD,Fiscal year is January - December
ISCO,annual,Currency,,Financials in USD,Financials in USD,Fiscal year is January - December
ISCO,annual,Fiscal_Year_period,,Fiscal year is January - December,Financials in USD,Fiscal year is January - December
ISCO,quarterly,Q3 2024,"Sep '24 Sep 30, 2024","2,179,000",Financials in USD,Fiscal year is January - December
ISCO,quarterly,Q2 2024,"Jun '24 Jun 30, 2024","2,331,000",Financials in USD,Fiscal year is January - December
ISCO,quarterly,Q1 2024,"Mar '24 Mar 31, 2024","2,129,000",Financials in USD,Fiscal year is January - December
ISCO,quarterly,Q4 2023,"Dec '23 Dec 31, 2023","1,889,000",Financials in USD,Fiscal year is January - December
ISCO,quarterly,Q3 2023,"Sep '23 Sep 30, 2023","1,973,000",Financials in USD,Fiscal year is January - December
ISCO,quarterly,Q2 2023,"Jun '23 Jun 30, 2023","1,841,000",Financials in USD,Fiscal year is January - December
ISCO,quarterly,Q1 2023,"Mar '23 Mar 31, 2023","2,086,000",Financials in USD,Fiscal year is January - December
ISCO,quarterly,Q4 2022,"Dec '22 Dec 31, 2022","2,430,000",Financials in USD,Fiscal year is January - December
ISCO,quarterly,Q3 2022,"Sep '22 Sep 30, 2022","1,703,000",Financials in USD,Fiscal year is January - December
ISCO,quarterly,Q2 2022,"Jun '22 Jun 30, 2022","2,027,000",Financials in USD,Fiscal year is January - December
ISCO,quarterly,Q1 2022,"Mar '22 Mar 31, 2022","2,020,000",Financials in USD,Fiscal year is January - December
ISCO,quarterly,Q4 2021,"Dec '21 Dec 31, 2021","1,843,000",Financials in USD,Fiscal year is January - December
ISCO,quarterly,Q3 2021,"Sep '21 Sep 30, 2021","1,842,000",Financials in USD,Fiscal year is January - December
ISCO,quarterly,Q2 2021,"Jun '21 Jun 30, 2021","1,833,000",Financials in USD,Fiscal year is January - December
ISCO,quarterly,Q1 2021,"Mar '21 Mar 31, 2021","1,658,000",Financials in USD,Fiscal year is January - December
ISCO,quarterly,Q4 2020,"Dec '20 Dec 31, 2020","1,476,000",Financials in USD,Fiscal year is January - December
ISCO,quarterly,Q3 2020,"Sep '20 Sep 30, 2020","1,481,000",Financials in USD,Fiscal year is January - December
ISCO,quarterly,Q2 2020,"Jun '20 Jun 30, 2020","1,812,000",Financials in USD,Fiscal year is January - December
ISCO,quarterly,Q1 2020,"Mar '20 Mar 31, 2020","2,360,000",Financials in USD,Fiscal year is January - December
ISCO,quarterly,Q4 2019,"Dec '19 Dec 31, 2019","2,837,000",Financials in USD,Fiscal year is January - December
ISCO,quarterly,+20 Quarters,+20 Quarters,Upgrade,Financials in USD,Fiscal year is January - December
ISCO,quarterly,Currency,,Financials in USD,Financials in USD,Fiscal year is January - December
ISCO,quarterly,Fiscal_Year_period,,Fiscal year is January - December,Financials in USD,Fiscal year is January - December
JUSHF,annual,TTM,"Sep '24 Sep 30, 2024","259,435,000",Financials in USD,Fiscal year is January - December
JUSHF,annual,FY 2023,"Dec '23 Dec 31, 2023","269,445,000",Financials in USD,Fiscal year is January - December
JUSHF,annual,FY 2022,"Dec '22 Dec 31, 2022","284,284,000",Financials in USD,Fiscal year is January - December
JUSHF,annual,FY 2021,"Dec '21 Dec 31, 2021","209,292,000",Financials in USD,Fiscal year is January - December
JUSHF,annual,FY 2020,"Dec '20 Dec 31, 2020","80,772,000",Financials in USD,Fiscal year is January - December
JUSHF,annual,FY 2019,"Dec '19 Dec 31, 2019","10,229,000",Financials in USD,Fiscal year is January - December
JUSHF,annual,2018,2018,Upgrade,Financials in USD,Fiscal year is January - December
JUSHF,annual,Currency,,Financials in USD,Financials in USD,Fiscal year is January - December
JUSHF,annual,Fiscal_Year_period,,Fiscal year is January - December,Financials in USD,Fiscal year is January - December
JUSHF,quarterly,Q3 2024,"Sep '24 Sep 30, 2024","61,611,000",Financials in USD,Fiscal year is January - December
JUSHF,quarterly,Q2 2024,"Jun '24 Jun 30, 2024","64,595,000",Financials in USD,Fiscal year is January - December
JUSHF,quarterly,Q1 2024,"Mar '24 Mar 31, 2024","65,459,000",Financials in USD,Fiscal year is January - December
JUSHF,quarterly,Q4 2023,"Dec '23 Dec 31, 2023","67,770,000",Financials in USD,Fiscal year is January - December
JUSHF,quarterly,Q3 2023,"Sep '23 Sep 30, 2023","65,377,000",Financials in USD,Fiscal year is January - December
JUSHF,quarterly,Q2 2023,"Jun '23 Jun 30, 2023","66,425,000",Financials in USD,Fiscal year is January - December
JUSHF,quarterly,Q1 2023,"Mar '23 Mar 31, 2023","69,873,000",Financials in USD,Fiscal year is January - December
JUSHF,quarterly,Q4 2022,"Dec '22 Dec 31, 2022","76,822,000",Financials in USD,Fiscal year is January - December
JUSHF,quarterly,Q3 2022,"Sep '22 Sep 30, 2022","72,817,000",Financials in USD,Fiscal year is January - December
JUSHF,quarterly,Q2 2022,"Jun '22 Jun 30, 2022","72,757,000",Financials in USD,Fiscal year is January - December
JUSHF,quarterly,Q1 2022,"Mar '22 Mar 31, 2022","61,888,000",Financials in USD,Fiscal year is January - December
JUSHF,quarterly,Q4 2021,"Dec '21 Dec 31, 2021","65,892,000",Financials in USD,Fiscal year is January - December
JUSHF,quarterly,Q3 2021,"Sep '21 Sep 30, 2021","53,981,000",Financials in USD,Fiscal year is January - December
JUSHF,quarterly,Q2 2021,"Jun '21 Jun 30, 2021","47,744,000",Financials in USD,Fiscal year is January - December
JUSHF,quarterly,Q1 2021,"Mar '21 Mar 31, 2021","41,675,000",Financials in USD,Fiscal year is January - December
JUSHF,quarterly,Q4 2020,"Dec '20 Dec 31, 2020","32,294,000",Financials in USD,Fiscal year is January - December
JUSHF,quarterly,Q3 2020,"Sep '20 Sep 30, 2020","24,913,000",Financials in USD,Fiscal year is January - December
JUSHF,quarterly,Q2 2020,"Jun '20 Jun 30, 2020","14,932,000",Financials in USD,Fiscal year is January - December
JUSHF,quarterly,Q1 2020,"Mar '20 Mar 31, 2020","8,633,000",Financials in USD,Fiscal year is January - December
JUSHF,quarterly,Q4 2019,"Dec '19 Dec 31, 2019","6,034,000",Financials in USD,Fiscal year is January - December
JUSHF,quarterly,+7 Quarters,+7 Quarters,Upgrade,Financials in USD,Fiscal year is January - December
JUSHF,quarterly,Currency,,Financials in USD,Financials in USD,Fiscal year is January - December
JUSHF,quarterly,Fiscal_Year_period,,Fiscal year is January - December,Financials in USD,Fiscal year is January - December
KAYS,annual,TTM,"Sep '24 Sep 30, 2024","64,931",Financials in USD,Fiscal year is January - December
KAYS,annual,FY 2023,"Dec '23 Dec 31, 2023","196,294",Financials in USD,Fiscal year is January - December
KAYS,annual,FY 2022,"Dec '22 Dec 31, 2022","685,379",Financials in USD,Fiscal year is January - December
KAYS,annual,FY 2021,"Dec '21 Dec 31, 2021","889,899",Financials in USD,Fiscal year is January - December
KAYS,annual,FY 2020,"Dec '20 Dec 31, 2020","1,029,543",Financials in USD,Fiscal year is January - December
KAYS,annual,FY 2019,"Dec '19 Dec 31, 2019","1,014,266",Financials in USD,Fiscal year is January - December
KAYS,annual,2018 - 2014,2018 - 2014,Upgrade,Financials in USD,Fiscal year is January - December
KAYS,annual,Currency,,Financials in USD,Financials in USD,Fiscal year is January - December
KAYS,annual,Fiscal_Year_period,,Fiscal year is January - December,Financials in USD,Fiscal year is January - December
KAYS,quarterly,Q3 2024,"Sep '24 Sep 30, 2024","3,000",Financials in USD,Fiscal year is January - December
KAYS,quarterly,Q2 2024,"Jun '24 Jun 30, 2024",-,Financials in USD,Fiscal year is January - December
KAYS,quarterly,Q1 2024,"Mar '24 Mar 31, 2024","28,009",Financials in USD,Fiscal year is January - December
KAYS,quarterly,Q4 2023,"Dec '23 Dec 31, 2023","33,922",Financials in USD,Fiscal year is January - December
KAYS,quarterly,Q3 2023,"Sep '23 Sep 30, 2023","59,011",Financials in USD,Fiscal year is January - December
KAYS,quarterly,Q2 2023,"Jun '23 Jun 30, 2023","55,116",Financials in USD,Fiscal year is January - December
KAYS,quarterly,Q1 2023,"Mar '23 Mar 31, 2023","48,245",Financials in USD,Fiscal year is January - December
KAYS,quarterly,Q4 2022,"Dec '22 Dec 31, 2022","128,561",Financials in USD,Fiscal year is January - December
KAYS,quarterly,Q3 2022,"Sep '22 Sep 30, 2022","172,968",Financials in USD,Fiscal year is January - December
KAYS,quarterly,Q2 2022,"Jun '22 Jun 30, 2022","195,186",Financials in USD,Fiscal year is January - December
KAYS,quarterly,Q1 2022,"Mar '22 Mar 31, 2022","188,664",Financials in USD,Fiscal year is January - December
KAYS,quarterly,Q4 2021,"Dec '21 Dec 31, 2021","199,632",Financials in USD,Fiscal year is January - December
KAYS,quarterly,Q3 2021,"Sep '21 Sep 30, 2021","214,051",Financials in USD,Fiscal year is January - December
KAYS,quarterly,Q2 2021,"Jun '21 Jun 30, 2021","239,198",Financials in USD,Fiscal year is January - December
KAYS,quarterly,Q1 2021,"Mar '21 Mar 31, 2021","237,018",Financials in USD,Fiscal year is January - December
KAYS,quarterly,Q4 2020,"Dec '20 Dec 31, 2020","255,385",Financials in USD,Fiscal year is January - December
KAYS,quarterly,Q3 2020,"Sep '20 Sep 30, 2020","274,985",Financials in USD,Fiscal year is January - December
KAYS,quarterly,Q2 2020,"Jun '20 Jun 30, 2020","263,862",Financials in USD,Fiscal year is January - December
KAYS,quarterly,Q1 2020,"Mar '20 Mar 31, 2020","235,311",Financials in USD,Fiscal year is January - December
KAYS,quarterly,Q4 2019,"Dec '19 Dec 31, 2019","292,544",Financials in USD,Fiscal year is January - December
KAYS,quarterly,+20 Quarters,+20 Quarters,Upgrade,Financials in USD,Fiscal year is January - December
KAYS,quarterly,Currency,,Financials in USD,Financials in USD,Fiscal year is January - December
KAYS,quarterly,Fiscal_Year_period,,Fiscal year is January - December,Financials in USD,Fiscal year is January - December
KLDO,annual,TTM,"Dec '21 Dec 31, 2021","1,104,000",Financials in USD,Fiscal year is January - December
KLDO,annual,FY 2021,"Dec '21 Dec 31, 2021","1,104,000",Financials in USD,Fiscal year is January - December
KLDO,annual,FY 2020,"Dec '20 Dec 31, 2020","975,000",Financials in USD,Fiscal year is January - December
KLDO,annual,FY 2019,"Dec '19 Dec 31, 2019",-,Financials in USD,Fiscal year is January - December
KLDO,annual,FY 2018,"Dec '18 Dec 31, 2018",-,Financials in USD,Fiscal year is January - December
KLDO,annual,FY 2017,"Dec '17 Dec 31, 2017",-,Financials in USD,Fiscal year is January - December
KLDO,annual,2016,2016,Upgrade,Financials in USD,Fiscal year is January - December
KLDO,annual,Currency,,Financials in USD,Financials in USD,Fiscal year is January - December
KLDO,annual,Fiscal_Year_period,,Fiscal year is January - December,Financials in USD,Fiscal year is January - December
KLDO,quarterly,Q4 2021,"Dec '21 Dec 31, 2021","492,000",Financials in USD,Fiscal year is January - December
KLDO,quarterly,Q3 2021,"Sep '21 Sep 30, 2021","104,000",Financials in USD,Fiscal year is January - December
KLDO,quarterly,Q2 2021,"Jun '21 Jun 30, 2021","211,000",Financials in USD,Fiscal year is January - December
KLDO,quarterly,Q1 2021,"Mar '21 Mar 31, 2021","297,000",Financials in USD,Fiscal year is January - December
KLDO,quarterly,Q4 2020,"Dec '20 Dec 31, 2020","243,000",Financials in USD,Fiscal year is January - December
KLDO,quarterly,Q3 2020,"Sep '20 Sep 30, 2020","482,000",Financials in USD,Fiscal year is January - December
KLDO,quarterly,Q2 2020,"Jun '20 Jun 30, 2020","250,000",Financials in USD,Fiscal year is January - December
KLDO,quarterly,Q1 2020,"Mar '20 Mar 31, 2020",-,Financials in USD,Fiscal year is January - December
KLDO,quarterly,Q4 2019,"Dec '19 Dec 31, 2019",-,Financials in USD,Fiscal year is January - December
KLDO,quarterly,Q3 2019,"Sep '19 Sep 30, 2019",-,Financials in USD,Fiscal year is January - December
KLDO,quarterly,Q2 2019,"Jun '19 Jun 30, 2019",-,Financials in USD,Fiscal year is January - December
KLDO,quarterly,Q1 2019,"Mar '19 Mar 31, 2019",-,Financials in USD,Fiscal year is January - December
KLDO,quarterly,Q4 2018,"Dec '18 Dec 31, 2018",-,Financials in USD,Fiscal year is January - December
KLDO,quarterly,Q3 2018,"Sep '18 Sep 30, 2018",-,Financials in USD,Fiscal year is January - December
KLDO,quarterly,Q2 2018,"Jun '18 Jun 30, 2018",-,Financials in USD,Fiscal year is January - December
KLDO,quarterly,Q1 2018,"Mar '18 Mar 31, 2018",-,Financials in USD,Fiscal year is January - December
KLDO,quarterly,Q4 2017,"Dec '17 Dec 31, 2017",-,Financials in USD,Fiscal year is January - December
KLDO,quarterly,Q3 2017,"Sep '17 Sep 30, 2017",-,Financials in USD,Fiscal year is January - December
KLDO,quarterly,Q2 2017,"Jun '17 Jun 30, 2017",-,Financials in USD,Fiscal year is January - December
KLDO,quarterly,Q1 2017,"Mar '17 Mar 31, 2017",-,Financials in USD,Fiscal year is January - December
KLDO,quarterly,Currency,,Financials in USD,Financials in USD,Fiscal year is January - December
KLDO,quarterly,Fiscal_Year_period,,Fiscal year is January - December,Financials in USD,Fiscal year is January - December
LIFD,annual,TTM,"Sep '24 Sep 30, 2024","42,365,570",Financials in USD,Fiscal year is January - December
LIFD,annual,FY 2023,"Dec '23 Dec 31, 2023","51,610,562",Financials in USD,Fiscal year is January - December
LIFD,annual,FY 2022,"Dec '22 Dec 31, 2022","57,416,535",Financials in USD,Fiscal year is January - December
LIFD,annual,FY 2021,"Dec '21 Dec 31, 2021","31,656,932",Financials in USD,Fiscal year is January - December
LIFD,annual,FY 2020,"Dec '20 Dec 31, 2020","5,344,320",Financials in USD,Fiscal year is January - December
LIFD,annual,FY 2019,"Dec '19 Dec 31, 2019",-,Financials in USD,Fiscal year is January - December
LIFD,annual,2018 - 2014,2018 - 2014,Upgrade,Financials in USD,Fiscal year is January - December
LIFD,annual,Currency,,Financials in USD,Financials in USD,Fiscal year is January - December
LIFD,annual,Fiscal_Year_period,,Fiscal year is January - December,Financials in USD,Fiscal year is January - December
LIFD,quarterly,Q3 2024,"Sep '24 Sep 30, 2024","8,691,675",Financials in USD,Fiscal year is January - December
LIFD,quarterly,Q2 2024,"Jun '24 Jun 30, 2024","9,487,299",Financials in USD,Fiscal year is January - December
LIFD,quarterly,Q1 2024,"Mar '24 Mar 31, 2024","10,666,649",Financials in USD,Fiscal year is January - December
LIFD,quarterly,Q4 2023,"Dec '23 Dec 31, 2023","13,519,947",Financials in USD,Fiscal year is January - December
LIFD,quarterly,Q3 2023,"Sep '23 Sep 30, 2023","13,106,280",Financials in USD,Fiscal year is January - December
LIFD,quarterly,Q2 2023,"Jun '23 Jun 30, 2023","12,522,542",Financials in USD,Fiscal year is January - December
LIFD,quarterly,Q1 2023,"Mar '23 Mar 31, 2023","12,461,793",Financials in USD,Fiscal year is January - December
LIFD,quarterly,Q4 2022,"Dec '22 Dec 31, 2022","11,313,879",Financials in USD,Fiscal year is January - December
LIFD,quarterly,Q3 2022,"Sep '22 Sep 30, 2022","11,237,277",Financials in USD,Fiscal year is January - December
LIFD,quarterly,Q2 2022,"Jun '22 Jun 30, 2022","16,776,502",Financials in USD,Fiscal year is January - December
LIFD,quarterly,Q1 2022,"Mar '22 Mar 31, 2022","18,088,877",Financials in USD,Fiscal year is January - December
LIFD,quarterly,Q4 2021,"Dec '21 Dec 31, 2021","12,787,566",Financials in USD,Fiscal year is January - December
LIFD,quarterly,Q3 2021,"Sep '21 Sep 30, 2021","8,820,952",Financials in USD,Fiscal year is January - December
LIFD,quarterly,Q2 2021,"Jun '21 Jun 30, 2021","6,695,144",Financials in USD,Fiscal year is January - December
LIFD,quarterly,Q1 2021,"Mar '21 Mar 31, 2021","3,353,270",Financials in USD,Fiscal year is January - December
LIFD,quarterly,Q4 2020,"Dec '20 Dec 31, 2020","2,196,518",Financials in USD,Fiscal year is January - December
LIFD,quarterly,Q3 2020,"Sep '20 Sep 30, 2020","1,509,437",Financials in USD,Fiscal year is January - December
LIFD,quarterly,Q2 2020,"Jun '20 Jun 30, 2020","1,267,942",Financials in USD,Fiscal year is January - December
LIFD,quarterly,Q1 2020,"Mar '20 Mar 31, 2020","370,424",Financials in USD,Fiscal year is January - December
LIFD,quarterly,Q4 2019,"Dec '19 Dec 31, 2019",-,Financials in USD,Fiscal year is January - December
LIFD,quarterly,+20 Quarters,+20 Quarters,Upgrade,Financials in USD,Fiscal year is January - December
LIFD,quarterly,Currency,,Financials in USD,Financials in USD,Fiscal year is January - December
LIFD,quarterly,Fiscal_Year_period,,Fiscal year is January - December,Financials in USD,Fiscal year is January - December
MCOA,annual,TTM,"Sep '22 Sep 30, 2022","1,498,604",Financials in USD,Fiscal year is January - December
MCOA,annual,FY 2021,"Dec '21 Dec 31, 2021","1,030,249",Financials in USD,Fiscal year is January - December
MCOA,annual,FY 2020,"Dec '20 Dec 31, 2020","280,653",Financials in USD,Fiscal year is January - December
MCOA,annual,FY 2019,"Dec '19 Dec 31, 2019","695,076",Financials in USD,Fiscal year is January - December
MCOA,annual,FY 2018,"Dec '18 Dec 31, 2018","252,135",Financials in USD,Fiscal year is January - December
MCOA,annual,FY 2017,"Dec '17 Dec 31, 2017","26,830",Financials in USD,Fiscal year is January - December
MCOA,annual,2016 - 2012,2016 - 2012,Upgrade,Financials in USD,Fiscal year is January - December
MCOA,annual,Currency,,Financials in USD,Financials in USD,Fiscal year is January - December
MCOA,annual,Fiscal_Year_period,,Fiscal year is January - December,Financials in USD,Fiscal year is January - December
MCOA,quarterly,Q3 2022,"Sep '22 Sep 30, 2022","142,394",Financials in USD,Fiscal year is January - December
MCOA,quarterly,Q2 2022,"Jun '22 Jun 30, 2022","258,628",Financials in USD,Fiscal year is January - December
MCOA,quarterly,Q1 2022,"Mar '22 Mar 31, 2022","561,321",Financials in USD,Fiscal year is January - December
MCOA,quarterly,Q4 2021,"Dec '21 Dec 31, 2021","536,261",Financials in USD,Fiscal year is January - December
MCOA,quarterly,Q3 2021,"Sep '21 Sep 30, 2021","442,178",Financials in USD,Fiscal year is January - December
MCOA,quarterly,Q2 2021,"Jun '21 Jun 30, 2021","16,880",Financials in USD,Fiscal year is January - December
MCOA,quarterly,Q1 2021,"Mar '21 Mar 31, 2021","34,930",Financials in USD,Fiscal year is January - December
MCOA,quarterly,Q4 2020,"Dec '20 Dec 31, 2020","62,681",Financials in USD,Fiscal year is January - December
MCOA,quarterly,Q3 2020,"Sep '20 Sep 30, 2020","53,195",Financials in USD,Fiscal year is January - December
MCOA,quarterly,Q2 2020,"Jun '20 Jun 30, 2020","82,958",Financials in USD,Fiscal year is January - December
MCOA,quarterly,Q1 2020,"Mar '20 Mar 31, 2020","81,819",Financials in USD,Fiscal year is January - December
MCOA,quarterly,Q4 2019,"Dec '19 Dec 31, 2019","142,315",Financials in USD,Fiscal year is January - December
MCOA,quarterly,Q3 2019,"Sep '19 Sep 30, 2019","229,371",Financials in USD,Fiscal year is January - December
MCOA,quarterly,Q2 2019,"Jun '19 Jun 30, 2019","208,580",Financials in USD,Fiscal year is January - December
MCOA,quarterly,Q1 2019,"Mar '19 Mar 31, 2019","114,810",Financials in USD,Fiscal year is January - December
MCOA,quarterly,Q4 2018,"Dec '18 Dec 31, 2018","114,414",Financials in USD,Fiscal year is January - December
MCOA,quarterly,Q3 2018,"Sep '18 Sep 30, 2018","90,276",Financials in USD,Fiscal year is January - December
MCOA,quarterly,Q2 2018,"Jun '18 Jun 30, 2018","28,435",Financials in USD,Fiscal year is January - December
MCOA,quarterly,Q1 2018,"Mar '18 Mar 31, 2018","19,010",Financials in USD,Fiscal year is January - December
MCOA,quarterly,Q4 2017,"Dec '17 Dec 31, 2017","6,880",Financials in USD,Fiscal year is January - December
MCOA,quarterly,+19 Quarters,+19 Quarters,Upgrade,Financials in USD,Fiscal year is January - December
MCOA,quarterly,Currency,,Financials in USD,Financials in USD,Fiscal year is January - December
MCOA,quarterly,Fiscal_Year_period,,Fiscal year is January - December,Financials in USD,Fiscal year is January - December
MRMD,annual,TTM,"Sep '24 Sep 30, 2024","157,861,000",Financials in USD,Fiscal year is January - December
MRMD,annual,FY 2023,"Dec '23 Dec 31, 2023","148,598,000",Financials in USD,Fiscal year is January - December
MRMD,annual,FY 2022,"Dec '22 Dec 31, 2022","134,010,000",Financials in USD,Fiscal year is January - December
MRMD,annual,FY 2021,"Dec '21 Dec 31, 2021","121,464,000",Financials in USD,Fiscal year is January - December
MRMD,annual,FY 2020,"Dec '20 Dec 31, 2020","50,895,151",Financials in USD,Fiscal year is January - December
MRMD,annual,FY 2019,"Dec '19 Dec 31, 2019","45,604,644",Financials in USD,Fiscal year is January - December
MRMD,annual,2018 - 2016,2018 - 2016,Upgrade,Financials in USD,Fiscal year is January - December
MRMD,annual,Currency,,Financials in USD,Financials in USD,Fiscal year is January - December
MRMD,annual,Fiscal_Year_period,,Fiscal year is January - December,Financials in USD,Fiscal year is January - December
MRMD,quarterly,Q3 2024,"Sep '24 Sep 30, 2024","40,591,000",Financials in USD,Fiscal year is January - December
MRMD,quarterly,Q2 2024,"Jun '24 Jun 30, 2024","40,438,000",Financials in USD,Fiscal year is January - December
MRMD,quarterly,Q1 2024,"Mar '24 Mar 31, 2024","37,933,000",Financials in USD,Fiscal year is January - December
MRMD,quarterly,Q4 2023,"Dec '23 Dec 31, 2023","38,899,000",Financials in USD,Fiscal year is January - December
MRMD,quarterly,Q3 2023,"Sep '23 Sep 30, 2023","38,800,000",Financials in USD,Fiscal year is January - December
MRMD,quarterly,Q2 2023,"Jun '23 Jun 30, 2023","36,519,000",Financials in USD,Fiscal year is January - December
MRMD,quarterly,Q1 2023,"Mar '23 Mar 31, 2023","34,380,000",Financials in USD,Fiscal year is January - December
MRMD,quarterly,Q4 2022,"Dec '22 Dec 31, 2022","35,830,000",Financials in USD,Fiscal year is January - December
MRMD,quarterly,Q3 2022,"Sep '22 Sep 30, 2022","33,912,000",Financials in USD,Fiscal year is January - December
MRMD,quarterly,Q2 2022,"Jun '22 Jun 30, 2022","32,986,000",Financials in USD,Fiscal year is January - December
MRMD,quarterly,Q1 2022,"Mar '22 Mar 31, 2022","31,282,000",Financials in USD,Fiscal year is January - December
MRMD,quarterly,Q4 2021,"Dec '21 Dec 31, 2021","31,044,000",Financials in USD,Fiscal year is January - December
MRMD,quarterly,Q3 2021,"Sep '21 Sep 30, 2021","33,208,000",Financials in USD,Fiscal year is January - December
MRMD,quarterly,Q2 2021,"Jun '21 Jun 30, 2021","32,569,000",Financials in USD,Fiscal year is January - December
MRMD,quarterly,Q1 2021,"Mar '21 Mar 31, 2021","24,643,000",Financials in USD,Fiscal year is January - December
MRMD,quarterly,Q4 2020,"Dec '20 Dec 31, 2020","20,357,322",Financials in USD,Fiscal year is January - December
MRMD,quarterly,Q3 2020,"Sep '20 Sep 30, 2020","13,461,504",Financials in USD,Fiscal year is January - December
MRMD,quarterly,Q2 2020,"Jun '20 Jun 30, 2020","9,610,306",Financials in USD,Fiscal year is January - December
MRMD,quarterly,Q1 2020,"Mar '20 Mar 31, 2020","7,466,019",Financials in USD,Fiscal year is January - December
MRMD,quarterly,Q4 2019,"Dec '19 Dec 31, 2019","5,192,453",Financials in USD,Fiscal year is January - December
MRMD,quarterly,+15 Quarters,+15 Quarters,Upgrade,Financials in USD,Fiscal year is January - December
MRMD,quarterly,Currency,,Financials in USD,Financials in USD,Fiscal year is January - December
MRMD,quarterly,Fiscal_Year_period,,Fiscal year is January - December,Financials in USD,Fiscal year is January - December
MSTH,annual,TTM,"Jun '24 Jun 30, 2024","19,496,756",Financials in USD,Fiscal year is January - December
MSTH,annual,FY 2023,"Dec '23 Dec 31, 2023","17,161,022",Financials in USD,Fiscal year is January - December
MSTH,annual,FY 2022,"Dec '22 Dec 31, 2022","10,056,284",Financials in USD,Fiscal year is January - December
MSTH,annual,FY 2021,"Dec '21 Dec 31, 2021","14,143,910",Financials in USD,Fiscal year is January - December
MSTH,annual,FY 2020,"Dec '20 Dec 31, 2020","13,379,709",Financials in USD,Fiscal year is January - December
MSTH,annual,FY 2019,"Dec '19 Dec 31, 2019","4,462,624",Financials in USD,Fiscal year is January - December
MSTH,annual,2018 - 2017,2018 - 2017,Upgrade,Financials in USD,Fiscal year is January - December
MSTH,annual,Currency,,Financials in USD,Financials in USD,Fiscal year is January - December
MSTH,annual,Fiscal_Year_period,,Fiscal year is January - December,Financials in USD,Fiscal year is January - December
MSTH,quarterly,H1 2024,"Jun '24 Jun 30, 2024","9,461,484",Financials in USD,Fiscal year is January - December
MSTH,quarterly,H2 2023,"Dec '23 Dec 31, 2023","10,035,272",Financials in USD,Fiscal year is January - December
MSTH,quarterly,H1 2023,"Jun '23 Jun 30, 2023","7,125,750",Financials in USD,Fiscal year is January - December
MSTH,quarterly,H2 2022,"Dec '22 Dec 31, 2022","5,231,337",Financials in USD,Fiscal year is January - December
MSTH,quarterly,H1 2022,"Jun '22 Jun 30, 2022","4,824,947",Financials in USD,Fiscal year is January - December
MSTH,quarterly,H1 2021,"Jun '21 Jun 30, 2021","7,679,766",Financials in USD,Fiscal year is January - December
MSTH,quarterly,H2 2020,"Dec '20 Dec 31, 2020","7,762,263",Financials in USD,Fiscal year is January - December
MSTH,quarterly,H1 2020,"Jun '20 Jun 30, 2020","5,617,447",Financials in USD,Fiscal year is January - December
MSTH,quarterly,H2 2019,"Dec '19 Dec 31, 2019","2,390,139",Financials in USD,Fiscal year is January - December
MSTH,quarterly,H1 2019,"Jun '19 Jun 30, 2019","2,072,485",Financials in USD,Fiscal year is January - December
MSTH,quarterly,Currency,,Financials in USD,Financials in USD,Fiscal year is January - December
MSTH,quarterly,Fiscal_Year_period,,Fiscal year is January - December,Financials in USD,Fiscal year is January - December
NAVB,annual,TTM,"Sep '23 Sep 30, 2023",610,Financials in USD,Fiscal year is January - December
NAVB,annual,FY 2022,"Dec '22 Dec 31, 2022","65,652",Financials in USD,Fiscal year is January - December
NAVB,annual,FY 2021,"Dec '21 Dec 31, 2021","531,513",Financials in USD,Fiscal year is January - December
NAVB,annual,FY 2020,"Dec '20 Dec 31, 2020","915,013",Financials in USD,Fiscal year is January - December
NAVB,annual,FY 2019,"Dec '19 Dec 31, 2019","657,826",Financials in USD,Fiscal year is January - December
NAVB,annual,FY 2018,"Dec '18 Dec 31, 2018","1,169,351",Financials in USD,Fiscal year is January - December
NAVB,annual,2017 - 2013,2017 - 2013,Upgrade,Financials in USD,Fiscal year is January - December
NAVB,annual,Currency,,Financials in USD,Financials in USD,Fiscal year is January - December
NAVB,annual,Fiscal_Year_period,,Fiscal year is January - December,Financials in USD,Fiscal year is January - December
NAVB,quarterly,Q3 2023,"Sep '23 Sep 30, 2023",-,Financials in USD,Fiscal year is January - December
NAVB,quarterly,Q2 2023,"Jun '23 Jun 30, 2023",-,Financials in USD,Fiscal year is January - December
NAVB,quarterly,Q1 2023,"Mar '23 Mar 31, 2023",-,Financials in USD,Fiscal year is January - December
NAVB,quarterly,Q4 2022,"Dec '22 Dec 31, 2022",610,Financials in USD,Fiscal year is January - December
NAVB,quarterly,Q3 2022,"Sep '22 Sep 30, 2022","7,516",Financials in USD,Fiscal year is January - December
NAVB,quarterly,Q2 2022,"Jun '22 Jun 30, 2022","57,526",Financials in USD,Fiscal year is January - December
NAVB,quarterly,Q1 2022,"Mar '22 Mar 31, 2022",-,Financials in USD,Fiscal year is January - December
NAVB,quarterly,Q4 2021,"Dec '21 Dec 31, 2021","50,348",Financials in USD,Fiscal year is January - December
NAVB,quarterly,Q3 2021,"Sep '21 Sep 30, 2021","96,382",Financials in USD,Fiscal year is January - December
NAVB,quarterly,Q2 2021,"Jun '21 Jun 30, 2021","261,046",Financials in USD,Fiscal year is January - December
NAVB,quarterly,Q1 2021,"Mar '21 Mar 31, 2021","123,737",Financials in USD,Fiscal year is January - December
NAVB,quarterly,Q4 2020,"Dec '20 Dec 31, 2020","219,251",Financials in USD,Fiscal year is January - December
NAVB,quarterly,Q3 2020,"Sep '20 Sep 30, 2020","268,389",Financials in USD,Fiscal year is January - December
NAVB,quarterly,Q2 2020,"Jun '20 Jun 30, 2020","271,101",Financials in USD,Fiscal year is January - December
NAVB,quarterly,Q1 2020,"Mar '20 Mar 31, 2020","156,272",Financials in USD,Fiscal year is January - December
NAVB,quarterly,Q4 2019,"Dec '19 Dec 31, 2019","119,299",Financials in USD,Fiscal year is January - December
NAVB,quarterly,Q3 2019,"Sep '19 Sep 30, 2019","236,811",Financials in USD,Fiscal year is January - December
NAVB,quarterly,Q2 2019,"Jun '19 Jun 30, 2019","260,092",Financials in USD,Fiscal year is January - December
NAVB,quarterly,Q1 2019,"Mar '19 Mar 31, 2019","41,624",Financials in USD,Fiscal year is January - December
NAVB,quarterly,Q4 2018,"Dec '18 Dec 31, 2018","119,321",Financials in USD,Fiscal year is January - December
NAVB,quarterly,+20 Quarters,+20 Quarters,Upgrade,Financials in USD,Fiscal year is January - December
NAVB,quarterly,Currency,,Financials in USD,Financials in USD,Fiscal year is January - December
NAVB,quarterly,Fiscal_Year_period,,Fiscal year is January - December,Financials in USD,Fiscal year is January - December
NBIO,annual,TTM,"Jun '24 Jun 30, 2024",-,Financials in USD,Fiscal year is April - March
NBIO,annual,FY 2024,"Mar '24 Mar 31, 2024",-,Financials in USD,Fiscal year is April - March
NBIO,annual,FY 2023,"Mar '23 Mar 31, 2023",-,Financials in USD,Fiscal year is April - March
NBIO,annual,FY 2022,"Mar '22 Mar 31, 2022","1,000,000",Financials in USD,Fiscal year is April - March
NBIO,annual,FY 2021,"Mar '21 Mar 31, 2021","750,000",Financials in USD,Fiscal year is April - March
NBIO,annual,FY 2020,"Mar '20 Mar 31, 2020",-,Financials in USD,Fiscal year is April - March
NBIO,annual,2019 - 2015,2019 - 2015,Upgrade,Financials in USD,Fiscal year is April - March
NBIO,annual,Currency,,Financials in USD,Financials in USD,Fiscal year is April - March
NBIO,annual,Fiscal_Year_period,,Fiscal year is April - March,Financials in USD,Fiscal year is April - March
NBIO,quarterly,Q1 2025,"Jun '24 Jun 30, 2024",-,Financials in USD,Fiscal year is April - March
NBIO,quarterly,Q4 2024,"Mar '24 Mar 31, 2024",-,Financials in USD,Fiscal year is April - March
NBIO,quarterly,Q3 2024,"Dec '23 Dec 31, 2023",-,Financials in USD,Fiscal year is April - March
NBIO,quarterly,Q2 2024,"Sep '23 Sep 30, 2023",-,Financials in USD,Fiscal year is April - March
NBIO,quarterly,Q1 2024,"Jun '23 Jun 30, 2023",-,Financials in USD,Fiscal year is April - March
NBIO,quarterly,Q4 2023,"Mar '23 Mar 31, 2023",-,Financials in USD,Fiscal year is April - March
NBIO,quarterly,Q3 2023,"Dec '22 Dec 31, 2022",-,Financials in USD,Fiscal year is April - March
NBIO,quarterly,Q2 2023,"Sep '22 Sep 30, 2022",-,Financials in USD,Fiscal year is April - March
NBIO,quarterly,Q1 2023,"Jun '22 Jun 30, 2022",-,Financials in USD,Fiscal year is April - March
NBIO,quarterly,Q4 2022,"Mar '22 Mar 31, 2022",-,Financials in USD,Fiscal year is April - March
NBIO,quarterly,Q3 2022,"Dec '21 Dec 31, 2021","1,000,000",Financials in USD,Fiscal year is April - March
NBIO,quarterly,Q2 2022,"Sep '21 Sep 30, 2021",-,Financials in USD,Fiscal year is April - March
NBIO,quarterly,Q1 2022,"Jun '21 Jun 30, 2021",-,Financials in USD,Fiscal year is April - March
NBIO,quarterly,Q4 2021,"Mar '21 Mar 31, 2021","750,000",Financials in USD,Fiscal year is April - March
NBIO,quarterly,Q3 2021,"Dec '20 Dec 31, 2020",-,Financials in USD,Fiscal year is April - March
NBIO,quarterly,Q2 2021,"Sep '20 Sep 30, 2020",-,Financials in USD,Fiscal year is April - March
NBIO,quarterly,Q1 2021,"Jun '20 Jun 30, 2020",-,Financials in USD,Fiscal year is April - March
NBIO,quarterly,Q4 2020,"Mar '20 Mar 31, 2020",-,Financials in USD,Fiscal year is April - March
NBIO,quarterly,Q3 2020,"Dec '19 Dec 31, 2019",-,Financials in USD,Fiscal year is April - March
NBIO,quarterly,Q2 2020,"Sep '19 Sep 30, 2019",-,Financials in USD,Fiscal year is April - March
NBIO,quarterly,+20 Quarters,+20 Quarters,Upgrade,Financials in USD,Fiscal year is April - March
NBIO,quarterly,Currency,,Financials in USD,Financials in USD,Fiscal year is April - March
NBIO,quarterly,Fiscal_Year_period,,Fiscal year is April - March,Financials in USD,Fiscal year is April - March
NDOI,annual,TTM,"Sep '24 Sep 30, 2024","1,790,377,000",Financials in USD,Fiscal year is January - December
NDOI,annual,FY 2023,"Dec '23 Dec 31, 2023","2,011,518,000",Financials in USD,Fiscal year is January - December
NDOI,annual,FY 2022,"Dec '22 Dec 31, 2022","2,318,875,000",Financials in USD,Fiscal year is January - December
NDOI,annual,FY 2021,"Dec '21 Dec 31, 2021","2,993,206,000",Financials in USD,Fiscal year is January - December
NDOI,annual,FY 2020,"Dec '20 Dec 31, 2020","2,903,074,000",Financials in USD,Fiscal year is January - December
NDOI,annual,FY 2019,"Dec '19 Dec 31, 2019","2,914,364,000",Financials in USD,Fiscal year is January - December
NDOI,annual,2018 - 2014,2018 - 2014,Upgrade,Financials in USD,Fiscal year is January - December
NDOI,annual,Currency,,Financials in USD,Financials in USD,Fiscal year is January - December
NDOI,annual,Fiscal_Year_period,,Fiscal year is January - December,Financials in USD,Fiscal year is January - December
NDOI,quarterly,Q3 2024,"Sep '24 Sep 30, 2024","426,506,000",Financials in USD,Fiscal year is January - December
NDOI,quarterly,Q2 2024,"Jun '24 Jun 30, 2024","446,630,000",Financials in USD,Fiscal year is January - December
NDOI,quarterly,Q1 2024,"Mar '24 Mar 31, 2024","419,507,000",Financials in USD,Fiscal year is January - December
NDOI,quarterly,Q4 2023,"Dec '23 Dec 31, 2023","497,734,000",Financials in USD,Fiscal year is January - December
NDOI,quarterly,Q3 2023,"Sep '23 Sep 30, 2023","451,665,000",Financials in USD,Fiscal year is January - December
NDOI,quarterly,Q2 2023,"Jun '23 Jun 30, 2023","546,852,000",Financials in USD,Fiscal year is January - December
NDOI,quarterly,Q1 2023,"Mar '23 Mar 31, 2023","515,267,000",Financials in USD,Fiscal year is January - December
NDOI,quarterly,Q4 2022,"Dec '22 Dec 31, 2022","555,812,000",Financials in USD,Fiscal year is January - December
NDOI,quarterly,Q3 2022,"Sep '22 Sep 30, 2022","541,690,000",Financials in USD,Fiscal year is January - December
NDOI,quarterly,Q2 2022,"Jun '22 Jun 30, 2022","569,114,000",Financials in USD,Fiscal year is January - December
NDOI,quarterly,Q1 2022,"Mar '22 Mar 31, 2022","652,259,000",Financials in USD,Fiscal year is January - December
NDOI,quarterly,Q4 2021,"Dec '21 Dec 31, 2021","789,429,000",Financials in USD,Fiscal year is January - December
NDOI,quarterly,Q3 2021,"Sep '21 Sep 30, 2021","772,028,000",Financials in USD,Fiscal year is January - December
NDOI,quarterly,Q2 2021,"Jun '21 Jun 30, 2021","713,830,000",Financials in USD,Fiscal year is January - December
NDOI,quarterly,Q1 2021,"Mar '21 Mar 31, 2021","717,919,000",Financials in USD,Fiscal year is January - December
NDOI,quarterly,Q4 2020,"Dec '20 Dec 31, 2020","760,221,000",Financials in USD,Fiscal year is January - December
NDOI,quarterly,Q3 2020,"Sep '20 Sep 30, 2020","634,860,000",Financials in USD,Fiscal year is January - December
NDOI,quarterly,Q2 2020,"Jun '20 Jun 30, 2020","687,588,000",Financials in USD,Fiscal year is January - December
NDOI,quarterly,Q1 2020,"Mar '20 Mar 31, 2020","820,405,000",Financials in USD,Fiscal year is January - December
NDOI,quarterly,Q4 2019,"Dec '19 Dec 31, 2019","764,800,000",Financials in USD,Fiscal year is January - December
NDOI,quarterly,+20 Quarters,+20 Quarters,Upgrade,Financials in USD,Fiscal year is January - December
NDOI,quarterly,Currency,,Financials in USD,Financials in USD,Fiscal year is January - December
NDOI,quarterly,Fiscal_Year_period,,Fiscal year is January - December,Financials in USD,Fiscal year is January - December
NIKA,quarterly,Q3 2024,"Sep '24 Sep 30, 2024",-,Financials in USD,Fiscal year is January - December
NIKA,quarterly,Q2 2024,"Jun '24 Jun 30, 2024",156,Financials in USD,Fiscal year is January - December
NIKA,quarterly,Q1 2024,"Mar '24 Mar 31, 2024",-,Financials in USD,Fiscal year is January - December
NIKA,quarterly,Q4 2023,"Dec '23 Dec 31, 2023",-,Financials in USD,Fiscal year is January - December
NIKA,quarterly,Q3 2023,"Sep '23 Sep 30, 2023",-,Financials in USD,Fiscal year is January - December
NIKA,quarterly,Q2 2023,"Jun '23 Jun 30, 2023",-,Financials in USD,Fiscal year is January - December
NIKA,quarterly,Q1 2023,"Mar '23 Mar 31, 2023",-,Financials in USD,Fiscal year is January - December
NIKA,quarterly,Q4 2022,"Dec '22 Dec 31, 2022",-,Financials in USD,Fiscal year is January - December
NIKA,quarterly,Q3 2022,"Sep '22 Sep 30, 2022",-,Financials in USD,Fiscal year is January - December
NIKA,quarterly,Q2 2022,"Jun '22 Jun 30, 2022",-,Financials in USD,Fiscal year is January - December
NIKA,quarterly,Q1 2022,"Mar '22 Mar 31, 2022",-,Financials in USD,Fiscal year is January - December
NIKA,quarterly,Q4 2021,"Dec '21 Dec 31, 2021",-,Financials in USD,Fiscal year is January - December
NIKA,quarterly,Q3 2021,"Sep '21 Sep 30, 2021",-,Financials in USD,Fiscal year is January - December
NIKA,quarterly,Q2 2021,"Jun '21 Jun 30, 2021",-,Financials in USD,Fiscal year is January - December
NIKA,quarterly,Q1 2021,"Mar '21 Mar 31, 2021",-,Financials in USD,Fiscal year is January - December
NIKA,quarterly,Q4 2020,"Dec '20 Dec 31, 2020",-,Financials in USD,Fiscal year is January - December
NIKA,quarterly,Q3 2020,"Sep '20 Sep 30, 2020",-,Financials in USD,Fiscal year is January - December
NIKA,quarterly,Currency,,Financials in USD,Financials in USD,Fiscal year is January - December
NIKA,quarterly,Fiscal_Year_period,,Fiscal year is January - December,Financials in USD,Fiscal year is January - December
NPHC,annual,TTM,"Sep '22 Sep 30, 2022","247,767",Financials in USD,Fiscal year is January - December
NPHC,annual,FY 2021,"Dec '21 Dec 31, 2021","97,735",Financials in USD,Fiscal year is January - December
NPHC,annual,FY 2020,"Dec '20 Dec 31, 2020","51,897",Financials in USD,Fiscal year is January - December
NPHC,annual,FY 2019,"Dec '19 Dec 31, 2019","104,393",Financials in USD,Fiscal year is January - December
NPHC,annual,FY 2018,"Dec '18 Dec 31, 2018","130,596",Financials in USD,Fiscal year is January - December
NPHC,annual,FY 2017,"Dec '17 Dec 31, 2017","120,979",Financials in USD,Fiscal year is January - December
NPHC,annual,2016 - 2012,2016 - 2012,Upgrade,Financials in USD,Fiscal year is January - December
NPHC,annual,Currency,,Financials in USD,Financials in USD,Fiscal year is January - December
NPHC,annual,Fiscal_Year_period,,Fiscal year is January - December,Financials in USD,Fiscal year is January - December
NPHC,quarterly,Q3 2022,"Sep '22 Sep 30, 2022","109,204",Financials in USD,Fiscal year is January - December
NPHC,quarterly,Q2 2022,"Jun '22 Jun 30, 2022","90,378",Financials in USD,Fiscal year is January - December
NPHC,quarterly,Q1 2022,"Mar '22 Mar 31, 2022","22,198",Financials in USD,Fiscal year is January - December
NPHC,quarterly,Q4 2021,"Dec '21 Dec 31, 2021","25,987",Financials in USD,Fiscal year is January - December
NPHC,quarterly,Q3 2021,"Sep '21 Sep 30, 2021","19,266",Financials in USD,Fiscal year is January - December
NPHC,quarterly,Q2 2021,"Jun '21 Jun 30, 2021","30,459",Financials in USD,Fiscal year is January - December
NPHC,quarterly,Q1 2021,"Mar '21 Mar 31, 2021","22,023",Financials in USD,Fiscal year is January - December
NPHC,quarterly,Q4 2020,"Dec '20 Dec 31, 2020","15,169",Financials in USD,Fiscal year is January - December
NPHC,quarterly,Q3 2020,"Sep '20 Sep 30, 2020","13,372",Financials in USD,Fiscal year is January - December
NPHC,quarterly,Q2 2020,"Jun '20 Jun 30, 2020","6,240",Financials in USD,Fiscal year is January - December
NPHC,quarterly,Q1 2020,"Mar '20 Mar 31, 2020","17,116",Financials in USD,Fiscal year is January - December
NPHC,quarterly,Q4 2019,"Dec '19 Dec 31, 2019","10,894",Financials in USD,Fiscal year is January - December
NPHC,quarterly,Q3 2019,"Sep '19 Sep 30, 2019","41,962",Financials in USD,Fiscal year is January - December
NPHC,quarterly,Q2 2019,"Jun '19 Jun 30, 2019","10,215",Financials in USD,Fiscal year is January - December
NPHC,quarterly,Q1 2019,"Mar '19 Mar 31, 2019","41,322",Financials in USD,Fiscal year is January - December
NPHC,quarterly,Q4 2018,"Dec '18 Dec 31, 2018","26,273",Financials in USD,Fiscal year is January - December
NPHC,quarterly,Q3 2018,"Sep '18 Sep 30, 2018","43,966",Financials in USD,Fiscal year is January - December
NPHC,quarterly,Q2 2018,"Jun '18 Jun 30, 2018","29,381",Financials in USD,Fiscal year is January - December
NPHC,quarterly,Q1 2018,"Mar '18 Mar 31, 2018","32,476",Financials in USD,Fiscal year is January - December
NPHC,quarterly,Q4 2017,"Dec '17 Dec 31, 2017","32,772",Financials in USD,Fiscal year is January - December
NPHC,quarterly,+20 Quarters,+20 Quarters,Upgrade,Financials in USD,Fiscal year is January - December
NPHC,quarterly,Currency,,Financials in USD,Financials in USD,Fiscal year is January - December
NPHC,quarterly,Fiscal_Year_period,,Fiscal year is January - December,Financials in USD,Fiscal year is January - December
NTBLQ,annual,TTM,"Jun '24 Jun 30, 2024","313,000",Financials in USD,Fiscal year is January - December
NTBLQ,annual,FY 2023,"Dec '23 Dec 31, 2023","310,000",Financials in USD,Fiscal year is January - December
NTBLQ,annual,FY 2022,"Dec '22 Dec 31, 2022","8,000",Financials in USD,Fiscal year is January - December
NTBLQ,annual,FY 2021,"Dec '21 Dec 31, 2021","285,000",Financials in USD,Fiscal year is January - December
NTBLQ,annual,Currency,,Financials in USD,Financials in USD,Fiscal year is January - December
NTBLQ,annual,Fiscal_Year_period,,Fiscal year is January - December,Financials in USD,Fiscal year is January - December
NTBLQ,quarterly,Q2 2024,"Jun '24 Jun 30, 2024","2,000",Financials in USD,Fiscal year is January - December
NTBLQ,quarterly,Q1 2024,"Mar '24 Mar 31, 2024","1,000",Financials in USD,Fiscal year is January - December
NTBLQ,quarterly,Q4 2023,"Dec '23 Dec 31, 2023","188,000",Financials in USD,Fiscal year is January - December
NTBLQ,quarterly,Q3 2023,"Sep '23 Sep 30, 2023","122,000",Financials in USD,Fiscal year is January - December
NTBLQ,quarterly,Q2 2023,"Jun '23 Jun 30, 2023",-,Financials in USD,Fiscal year is January - December
NTBLQ,quarterly,Q1 2023,"Mar '23 Mar 31, 2023",-,Financials in USD,Fiscal year is January - December
NTBLQ,quarterly,Q4 2022,"Dec '22 Dec 31, 2022","8,000",Financials in USD,Fiscal year is January - December
NTBLQ,quarterly,Q3 2022,"Sep '22 Sep 30, 2022",-,Financials in USD,Fiscal year is January - December
NTBLQ,quarterly,Q2 2022,"Jun '22 Jun 30, 2022",-,Financials in USD,Fiscal year is January - December
NTBLQ,quarterly,Q1 2022,"Mar '22 Mar 31, 2022",-,Financials in USD,Fiscal year is January - December
NTBLQ,quarterly,Currency,,Financials in USD,Financials in USD,Fiscal year is January - December
NTBLQ,quarterly,Fiscal_Year_period,,Fiscal year is January - December,Financials in USD,Fiscal year is January - December
NTRR,annual,TTM,"Apr '24 Apr 30, 2024","66,067",Financials in USD,Fiscal year is February - January
NTRR,annual,FY 2024,"Jan '24 Jan 31, 2024","39,534",Financials in USD,Fiscal year is February - January
NTRR,annual,FY 2023,"Jan '23 Jan 31, 2023","67,996",Financials in USD,Fiscal year is February - January
NTRR,annual,FY 2022,"Jan '22 Jan 31, 2022","92,014",Financials in USD,Fiscal year is February - January
NTRR,annual,FY 2021,"Jan '21 Jan 31, 2021","9,687",Financials in USD,Fiscal year is February - January
NTRR,annual,FY 2020,"Jan '20 Jan 31, 2020","6,395",Financials in USD,Fiscal year is February - January
NTRR,annual,2019 - 2015,2019 - 2015,Upgrade,Financials in USD,Fiscal year is February - January
NTRR,annual,Currency,,Financials in USD,Financials in USD,Fiscal year is February - January
NTRR,annual,Fiscal_Year_period,,Fiscal year is February - January,Financials in USD,Fiscal year is February - January
NTRR,quarterly,Q1 2025,"Apr '24 Apr 30, 2024","32,375",Financials in USD,Fiscal year is February - January
NTRR,quarterly,Q4 2024,"Jan '24 Jan 31, 2024","28,056",Financials in USD,Fiscal year is February - January
NTRR,quarterly,Q3 2024,"Oct '23 Oct 31, 2023","1,311",Financials in USD,Fiscal year is February - January
NTRR,quarterly,Q2 2024,"Jul '23 Jul 31, 2023","4,325",Financials in USD,Fiscal year is February - January
NTRR,quarterly,Q1 2024,"Apr '23 Apr 30, 2023","5,842",Financials in USD,Fiscal year is February - January
NTRR,quarterly,Q4 2023,"Jan '23 Jan 31, 2023","5,919",Financials in USD,Fiscal year is February - January
NTRR,quarterly,Q3 2023,"Oct '22 Oct 31, 2022","23,383",Financials in USD,Fiscal year is February - January
NTRR,quarterly,Q2 2023,"Jul '22 Jul 31, 2022","29,032",Financials in USD,Fiscal year is February - January
NTRR,quarterly,Q1 2023,"Apr '22 Apr 30, 2022","9,662",Financials in USD,Fiscal year is February - January
NTRR,quarterly,Q4 2022,"Jan '22 Jan 31, 2022","38,383",Financials in USD,Fiscal year is February - January
NTRR,quarterly,Q3 2022,"Oct '21 Oct 31, 2021","26,271",Financials in USD,Fiscal year is February - January
NTRR,quarterly,Q2 2022,"Jul '21 Jul 31, 2021","15,807",Financials in USD,Fiscal year is February - January
NTRR,quarterly,Q1 2022,"Apr '21 Apr 30, 2021","11,553",Financials in USD,Fiscal year is February - January
NTRR,quarterly,Q4 2021,"Jan '21 Jan 31, 2021","2,220",Financials in USD,Fiscal year is February - January
NTRR,quarterly,Q3 2021,"Oct '20 Oct 31, 2020",726,Financials in USD,Fiscal year is February - January
NTRR,quarterly,Q2 2021,"Jul '20 Jul 31, 2020","3,705",Financials in USD,Fiscal year is February - January
NTRR,quarterly,Q1 2021,"Apr '20 Apr 30, 2020","3,036",Financials in USD,Fiscal year is February - January
NTRR,quarterly,Q4 2020,"Jan '20 Jan 31, 2020","6,395",Financials in USD,Fiscal year is February - January
NTRR,quarterly,Q3 2020,"Oct '19 Oct 31, 2019",-,Financials in USD,Fiscal year is February - January
NTRR,quarterly,Q2 2020,"Jul '19 Jul 31, 2019",-,Financials in USD,Fiscal year is February - January
NTRR,quarterly,+20 Quarters,+20 Quarters,Upgrade,Financials in USD,Fiscal year is February - January
NTRR,quarterly,Currency,,Financials in USD,Financials in USD,Fiscal year is February - January
NTRR,quarterly,Fiscal_Year_period,,Fiscal year is February - January,Financials in USD,Fiscal year is February - January
NWBO,annual,TTM,"Sep '24 Sep 30, 2024","1,596,000",Financials in USD,Fiscal year is January - December
NWBO,annual,FY 2023,"Dec '23 Dec 31, 2023","1,932,000",Financials in USD,Fiscal year is January - December
NWBO,annual,FY 2022,"Dec '22 Dec 31, 2022","1,683,000",Financials in USD,Fiscal year is January - December
NWBO,annual,FY 2021,"Dec '21 Dec 31, 2021","1,005,000",Financials in USD,Fiscal year is January - December
NWBO,annual,FY 2020,"Dec '20 Dec 31, 2020","1,291,000",Financials in USD,Fiscal year is January - December
NWBO,annual,FY 2019,"Dec '19 Dec 31, 2019","2,410,000",Financials in USD,Fiscal year is January - December
NWBO,annual,2018 - 2014,2018 - 2014,Upgrade,Financials in USD,Fiscal year is January - December
NWBO,annual,Currency,,Financials in USD,Financials in USD,Fiscal year is January - December
NWBO,annual,Fiscal_Year_period,,Fiscal year is January - December,Financials in USD,Fiscal year is January - December
NWBO,quarterly,Q3 2024,"Sep '24 Sep 30, 2024","357,000",Financials in USD,Fiscal year is January - December
NWBO,quarterly,Q2 2024,"Jun '24 Jun 30, 2024","510,000",Financials in USD,Fiscal year is January - December
NWBO,quarterly,Q1 2024,"Mar '24 Mar 31, 2024","284,000",Financials in USD,Fiscal year is January - December
NWBO,quarterly,Q4 2023,"Dec '23 Dec 31, 2023","445,000",Financials in USD,Fiscal year is January - December
NWBO,quarterly,Q3 2023,"Sep '23 Sep 30, 2023","406,000",Financials in USD,Fiscal year is January - December
NWBO,quarterly,Q2 2023,"Jun '23 Jun 30, 2023","201,000",Financials in USD,Fiscal year is January - December
NWBO,quarterly,Q1 2023,"Mar '23 Mar 31, 2023","880,000",Financials in USD,Fiscal year is January - December
NWBO,quarterly,Q4 2022,"Dec '22 Dec 31, 2022","597,000",Financials in USD,Fiscal year is January - December
NWBO,quarterly,Q3 2022,"Sep '22 Sep 30, 2022","206,000",Financials in USD,Fiscal year is January - December
NWBO,quarterly,Q2 2022,"Jun '22 Jun 30, 2022","477,000",Financials in USD,Fiscal year is January - December
NWBO,quarterly,Q1 2022,"Mar '22 Mar 31, 2022","403,000",Financials in USD,Fiscal year is January - December
NWBO,quarterly,Q4 2021,"Dec '21 Dec 31, 2021",-,Financials in USD,Fiscal year is January - December
NWBO,quarterly,Q3 2021,"Sep '21 Sep 30, 2021","350,000",Financials in USD,Fiscal year is January - December
NWBO,quarterly,Q2 2021,"Jun '21 Jun 30, 2021","416,000",Financials in USD,Fiscal year is January - December
NWBO,quarterly,Q1 2021,"Mar '21 Mar 31, 2021","239,000",Financials in USD,Fiscal year is January - December
NWBO,quarterly,Q4 2020,"Dec '20 Dec 31, 2020","503,000",Financials in USD,Fiscal year is January - December
NWBO,quarterly,Q3 2020,"Sep '20 Sep 30, 2020","216,000",Financials in USD,Fiscal year is January - December
NWBO,quarterly,Q2 2020,"Jun '20 Jun 30, 2020","2,000",Financials in USD,Fiscal year is January - December
NWBO,quarterly,Q1 2020,"Mar '20 Mar 31, 2020","570,000",Financials in USD,Fiscal year is January - December
NWBO,quarterly,Q4 2019,"Dec '19 Dec 31, 2019","897,000",Financials in USD,Fiscal year is January - December
NWBO,quarterly,+20 Quarters,+20 Quarters,Upgrade,Financials in USD,Fiscal year is January - December
NWBO,quarterly,Currency,,Financials in USD,Financials in USD,Fiscal year is January - December
NWBO,quarterly,Fiscal_Year_period,,Fiscal year is January - December,Financials in USD,Fiscal year is January - December
ORGS,annual,TTM,"Sep '24 Sep 30, 2024","899,000",Financials in USD,Fiscal year is January - December
ORGS,annual,FY 2023,"Dec '23 Dec 31, 2023","530,000",Financials in USD,Fiscal year is January - December
ORGS,annual,FY 2022,"Dec '22 Dec 31, 2022","36,025,000",Financials in USD,Fiscal year is January - December
ORGS,annual,FY 2021,"Dec '21 Dec 31, 2021","35,502,000",Financials in USD,Fiscal year is January - December
ORGS,annual,FY 2020,"Dec '20 Dec 31, 2020","7,652,000",Financials in USD,Fiscal year is January - December
ORGS,annual,FY 2019,"Dec '19 Dec 31, 2019","3,899,000",Financials in USD,Fiscal year is January - December
ORGS,annual,2018 - 2014,2018 - 2014,Upgrade,Financials in USD,Fiscal year is January - December
ORGS,annual,Currency,,Financials in USD,Financials in USD,Fiscal year is January - December
ORGS,annual,Fiscal_Year_period,,Fiscal year is January - December,Financials in USD,Fiscal year is January - December
ORGS,quarterly,Q3 2024,"Sep '24 Sep 30, 2024","347,000",Financials in USD,Fiscal year is January - December
ORGS,quarterly,Q2 2024,"Jun '24 Jun 30, 2024","246,000",Financials in USD,Fiscal year is January - December
ORGS,quarterly,Q1 2024,"Mar '24 Mar 31, 2024","141,000",Financials in USD,Fiscal year is January - December
ORGS,quarterly,Q4 2023,"Dec '23 Dec 31, 2023","165,000",Financials in USD,Fiscal year is January - December
ORGS,quarterly,Q3 2023,"Sep '23 Sep 30, 2023","110,000",Financials in USD,Fiscal year is January - December
ORGS,quarterly,Q2 2023,"Jun '23 Jun 30, 2023","113,000",Financials in USD,Fiscal year is January - December
ORGS,quarterly,Q1 2023,"Mar '23 Mar 31, 2023","142,000",Financials in USD,Fiscal year is January - December
ORGS,quarterly,Q4 2022,"Dec '22 Dec 31, 2022","13,624,000",Financials in USD,Fiscal year is January - December
ORGS,quarterly,Q3 2022,"Sep '22 Sep 30, 2022","7,988,000",Financials in USD,Fiscal year is January - December
ORGS,quarterly,Q2 2022,"Jun '22 Jun 30, 2022","7,201,000",Financials in USD,Fiscal year is January - December
ORGS,quarterly,Q1 2022,"Mar '22 Mar 31, 2022","7,212,000",Financials in USD,Fiscal year is January - December
ORGS,quarterly,Q4 2021,"Dec '21 Dec 31, 2021","6,892,000",Financials in USD,Fiscal year is January - December
ORGS,quarterly,Q3 2021,"Sep '21 Sep 30, 2021","8,676,000",Financials in USD,Fiscal year is January - December
ORGS,quarterly,Q2 2021,"Jun '21 Jun 30, 2021","10,545,000",Financials in USD,Fiscal year is January - December
ORGS,quarterly,Q1 2021,"Mar '21 Mar 31, 2021","9,389,000",Financials in USD,Fiscal year is January - December
ORGS,quarterly,Q4 2020,"Dec '20 Dec 31, 2020","2,296,000",Financials in USD,Fiscal year is January - December
ORGS,quarterly,Q3 2020,"Sep '20 Sep 30, 2020","1,729,000",Financials in USD,Fiscal year is January - December
ORGS,quarterly,Q2 2020,"Jun '20 Jun 30, 2020","1,749,000",Financials in USD,Fiscal year is January - December
ORGS,quarterly,Q1 2020,"Mar '20 Mar 31, 2020","1,878,000",Financials in USD,Fiscal year is January - December
ORGS,quarterly,Q4 2019,"Dec '19 Dec 31, 2019",-,Financials in USD,Fiscal year is January - December
ORGS,quarterly,+20 Quarters,+20 Quarters,Upgrade,Financials in USD,Fiscal year is January - December
ORGS,quarterly,Currency,,Financials in USD,Financials in USD,Fiscal year is January - December
ORGS,quarterly,Fiscal_Year_period,,Fiscal year is January - December,Financials in USD,Fiscal year is January - December
OTLC,annual,TTM,"Sep '24 Sep 30, 2024",-,Financials in USD,Fiscal year is January - December
OTLC,annual,FY 2023,"Dec '23 Dec 31, 2023","70,000",Financials in USD,Fiscal year is January - December
OTLC,annual,FY 2022,"Dec '22 Dec 31, 2022",-,Financials in USD,Fiscal year is January - December
OTLC,annual,FY 2021,"Dec '21 Dec 31, 2021",-,Financials in USD,Fiscal year is January - December
OTLC,annual,FY 2020,"Dec '20 Dec 31, 2020","1,740,855",Financials in USD,Fiscal year is January - December
OTLC,annual,FY 2019,"Dec '19 Dec 31, 2019",-,Financials in USD,Fiscal year is January - December
OTLC,annual,2018 - 2017,2018 - 2017,Upgrade,Financials in USD,Fiscal year is January - December
OTLC,annual,Currency,,Financials in USD,Financials in USD,Fiscal year is January - December
OTLC,annual,Fiscal_Year_period,,Fiscal year is January - December,Financials in USD,Fiscal year is January - December
OTLC,quarterly,Q3 2024,"Sep '24 Sep 30, 2024",-,Financials in USD,Fiscal year is January - December
OTLC,quarterly,Q2 2024,"Jun '24 Jun 30, 2024",-,Financials in USD,Fiscal year is January - December
OTLC,quarterly,Q1 2024,"Mar '24 Mar 31, 2024",-,Financials in USD,Fiscal year is January - December
OTLC,quarterly,Q4 2023,"Dec '23 Dec 31, 2023",-,Financials in USD,Fiscal year is January - December
OTLC,quarterly,Q3 2023,"Sep '23 Sep 30, 2023","70,000",Financials in USD,Fiscal year is January - December
OTLC,quarterly,Q2 2023,"Jun '23 Jun 30, 2023",-,Financials in USD,Fiscal year is January - December
OTLC,quarterly,Q1 2023,"Mar '23 Mar 31, 2023",-,Financials in USD,Fiscal year is January - December
OTLC,quarterly,Q4 2022,"Dec '22 Dec 31, 2022",-,Financials in USD,Fiscal year is January - December
OTLC,quarterly,Q3 2022,"Sep '22 Sep 30, 2022",-,Financials in USD,Fiscal year is January - December
OTLC,quarterly,Q2 2022,"Jun '22 Jun 30, 2022",-,Financials in USD,Fiscal year is January - December
OTLC,quarterly,Q1 2022,"Mar '22 Mar 31, 2022",-,Financials in USD,Fiscal year is January - December
OTLC,quarterly,Q4 2021,"Dec '21 Dec 31, 2021",-,Financials in USD,Fiscal year is January - December
OTLC,quarterly,Q3 2021,"Sep '21 Sep 30, 2021",-,Financials in USD,Fiscal year is January - December
OTLC,quarterly,Q2 2021,"Jun '21 Jun 30, 2021",-,Financials in USD,Fiscal year is January - December
OTLC,quarterly,Q1 2021,"Mar '21 Mar 31, 2021",-,Financials in USD,Fiscal year is January - December
OTLC,quarterly,Q4 2020,"Dec '20 Dec 31, 2020",-,Financials in USD,Fiscal year is January - December
OTLC,quarterly,Q3 2020,"Sep '20 Sep 30, 2020",-,Financials in USD,Fiscal year is January - December
OTLC,quarterly,Q2 2020,"Jun '20 Jun 30, 2020","1,400,000",Financials in USD,Fiscal year is January - December
OTLC,quarterly,Q1 2020,"Mar '20 Mar 31, 2020","340,855",Financials in USD,Fiscal year is January - December
OTLC,quarterly,Q4 2019,"Dec '19 Dec 31, 2019",-,Financials in USD,Fiscal year is January - December
OTLC,quarterly,+7 Quarters,+7 Quarters,Upgrade,Financials in USD,Fiscal year is January - December
OTLC,quarterly,Currency,,Financials in USD,Financials in USD,Fiscal year is January - December
OTLC,quarterly,Fiscal_Year_period,,Fiscal year is January - December,Financials in USD,Fiscal year is January - December
OWPC,annual,TTM,"Sep '24 Sep 30, 2024","2,560",Financials in USD,Fiscal year is January - December
OWPC,annual,FY 2023,"Dec '23 Dec 31, 2023","7,589",Financials in USD,Fiscal year is January - December
OWPC,annual,FY 2022,"Dec '22 Dec 31, 2022","125,662",Financials in USD,Fiscal year is January - December
OWPC,annual,FY 2021,"Dec '21 Dec 31, 2021","38,264",Financials in USD,Fiscal year is January - December
OWPC,annual,FY 2020,"Dec '20 Dec 31, 2020","59,568",Financials in USD,Fiscal year is January - December
OWPC,annual,FY 2019,"Dec '19 Dec 31, 2019",-,Financials in USD,Fiscal year is January - December
OWPC,annual,2018 - 2017,2018 - 2017,Upgrade,Financials in USD,Fiscal year is January - December
OWPC,annual,Currency,,Financials in USD,Financials in USD,Fiscal year is January - December
OWPC,annual,Fiscal_Year_period,,Fiscal year is January - December,Financials in USD,Fiscal year is January - December
OWPC,quarterly,Q3 2024,"Sep '24 Sep 30, 2024","1,517",Financials in USD,Fiscal year is January - December
OWPC,quarterly,Q2 2024,"Jun '24 Jun 30, 2024","1,254",Financials in USD,Fiscal year is January - December
OWPC,quarterly,Q1 2024,"Mar '24 Mar 31, 2024",282,Financials in USD,Fiscal year is January - December
OWPC,quarterly,Q4 2023,"Dec '23 Dec 31, 2023",-493,Financials in USD,Fiscal year is January - December
OWPC,quarterly,Q3 2023,"Sep '23 Sep 30, 2023","5,906",Financials in USD,Fiscal year is January - December
OWPC,quarterly,Q2 2023,"Jun '23 Jun 30, 2023",75,Financials in USD,Fiscal year is January - December
OWPC,quarterly,Q1 2023,"Mar '23 Mar 31, 2023","2,101",Financials in USD,Fiscal year is January - December
OWPC,quarterly,Q4 2022,"Dec '22 Dec 31, 2022","49,278",Financials in USD,Fiscal year is January - December
OWPC,quarterly,Q3 2022,"Sep '22 Sep 30, 2022","33,373",Financials in USD,Fiscal year is January - December
OWPC,quarterly,Q2 2022,"Jun '22 Jun 30, 2022","32,864",Financials in USD,Fiscal year is January - December
OWPC,quarterly,Q1 2022,"Mar '22 Mar 31, 2022","10,147",Financials in USD,Fiscal year is January - December
OWPC,quarterly,Q4 2021,"Dec '21 Dec 31, 2021","-35,186",Financials in USD,Fiscal year is January - December
OWPC,quarterly,Q3 2021,"Sep '21 Sep 30, 2021","7,845",Financials in USD,Fiscal year is January - December
OWPC,quarterly,Q2 2021,"Jun '21 Jun 30, 2021","42,323",Financials in USD,Fiscal year is January - December
OWPC,quarterly,Q1 2021,"Mar '21 Mar 31, 2021","23,282",Financials in USD,Fiscal year is January - December
OWPC,quarterly,Q4 2020,"Dec '20 Dec 31, 2020","-43,816",Financials in USD,Fiscal year is January - December
OWPC,quarterly,Q3 2020,"Sep '20 Sep 30, 2020","42,598",Financials in USD,Fiscal year is January - December
OWPC,quarterly,Q2 2020,"Jun '20 Jun 30, 2020","60,786",Financials in USD,Fiscal year is January - December
OWPC,quarterly,Q1 2020,"Mar '20 Mar 31, 2020",-,Financials in USD,Fiscal year is January - December
OWPC,quarterly,Q4 2019,"Dec '19 Dec 31, 2019",-,Financials in USD,Fiscal year is January - December
OWPC,quarterly,+7 Quarters,+7 Quarters,Upgrade,Financials in USD,Fiscal year is January - December
OWPC,quarterly,Currency,,Financials in USD,Financials in USD,Fiscal year is January - December
OWPC,quarterly,Fiscal_Year_period,,Fiscal year is January - December,Financials in USD,Fiscal year is January - December
PCYN,annual,TTM,"Jun '24 Jun 30, 2024","4,984,433",Financials in USD,Fiscal year is July - June
PCYN,annual,FY 2024,"Jun '24 Jun 30, 2024","4,984,433",Financials in USD,Fiscal year is July - June
PCYN,annual,FY 2023,"Jun '23 Jun 30, 2023","4,686,659",Financials in USD,Fiscal year is July - June
PCYN,annual,FY 2022,"Jun '22 Jun 30, 2022","4,842,433",Financials in USD,Fiscal year is July - June
PCYN,annual,FY 2021,"Jun '21 Jun 30, 2021","4,719,672",Financials in USD,Fiscal year is July - June
PCYN,annual,FY 2020,"Jun '20 Jun 30, 2020","4,334,088",Financials in USD,Fiscal year is July - June
PCYN,annual,2019 - 2015,2019 - 2015,Upgrade,Financials in USD,Fiscal year is July - June
PCYN,annual,Currency,,Financials in USD,Financials in USD,Fiscal year is July - June
PCYN,annual,Fiscal_Year_period,,Fiscal year is July - June,Financials in USD,Fiscal year is July - June
PCYN,quarterly,Q4 2024,"Jun '24 Jun 30, 2024","1,412,734",Financials in USD,Fiscal year is July - June
PCYN,quarterly,Q3 2024,"Mar '24 Mar 31, 2024","1,198,539",Financials in USD,Fiscal year is July - June
PCYN,quarterly,Q2 2024,"Dec '23 Dec 31, 2023","1,200,053",Financials in USD,Fiscal year is July - June
PCYN,quarterly,Q1 2024,"Sep '23 Sep 30, 2023","1,173,107",Financials in USD,Fiscal year is July - June
PCYN,quarterly,Q4 2023,"Jun '23 Jun 30, 2023","1,202,195",Financials in USD,Fiscal year is July - June
PCYN,quarterly,Q3 2023,"Mar '23 Mar 31, 2023","1,124,824",Financials in USD,Fiscal year is July - June
PCYN,quarterly,Q2 2023,"Dec '22 Dec 31, 2022","1,183,937",Financials in USD,Fiscal year is July - June
PCYN,quarterly,Q1 2023,"Sep '22 Sep 30, 2022","1,175,703",Financials in USD,Fiscal year is July - June
PCYN,quarterly,Q4 2022,"Jun '22 Jun 30, 2022","1,209,322",Financials in USD,Fiscal year is July - June
PCYN,quarterly,Q3 2022,"Mar '22 Mar 31, 2022","1,112,498",Financials in USD,Fiscal year is July - June
PCYN,quarterly,Q2 2022,"Dec '21 Dec 31, 2021","1,330,636",Financials in USD,Fiscal year is July - June
PCYN,quarterly,Q1 2022,"Sep '21 Sep 30, 2021","1,189,978",Financials in USD,Fiscal year is July - June
PCYN,quarterly,Q4 2021,"Jun '21 Jun 30, 2021","1,265,525",Financials in USD,Fiscal year is July - June
PCYN,quarterly,Q3 2021,"Mar '21 Mar 31, 2021","1,033,498",Financials in USD,Fiscal year is July - June
PCYN,quarterly,Q2 2021,"Dec '20 Dec 31, 2020","1,174,405",Financials in USD,Fiscal year is July - June
PCYN,quarterly,Q1 2021,"Sep '20 Sep 30, 2020","1,246,243",Financials in USD,Fiscal year is July - June
PCYN,quarterly,Q4 2020,"Jun '20 Jun 30, 2020","883,981",Financials in USD,Fiscal year is July - June
PCYN,quarterly,Q3 2020,"Mar '20 Mar 31, 2020","1,139,115",Financials in USD,Fiscal year is July - June
PCYN,quarterly,Q2 2020,"Dec '19 Dec 31, 2019","1,127,695",Financials in USD,Fiscal year is July - June
PCYN,quarterly,Q1 2020,"Sep '19 Sep 30, 2019","1,183,297",Financials in USD,Fiscal year is July - June
PCYN,quarterly,+20 Quarters,+20 Quarters,Upgrade,Financials in USD,Fiscal year is July - June
PCYN,quarterly,Currency,,Financials in USD,Financials in USD,Fiscal year is July - June
PCYN,quarterly,Fiscal_Year_period,,Fiscal year is July - June,Financials in USD,Fiscal year is July - June
PGFF,annual,TTM,"Sep '24 Sep 30, 2024","54,258",Financials in USD,Fiscal year is January - December
PGFF,annual,FY 2023,"Dec '23 Dec 31, 2023","9,286",Financials in USD,Fiscal year is January - December
PGFF,annual,FY 2022,"Dec '22 Dec 31, 2022",-,Financials in USD,Fiscal year is January - December
PGFF,annual,FY 2021,"Dec '21 Dec 31, 2021","1,300",Financials in USD,Fiscal year is January - December
PGFF,annual,FY 2020,"Dec '20 Dec 31, 2020",-,Financials in USD,Fiscal year is January - December
PGFF,annual,FY 2019,"Dec '19 Dec 31, 2019",-,Financials in USD,Fiscal year is January - December
PGFF,annual,Currency,,Financials in USD,Financials in USD,Fiscal year is January - December
PGFF,annual,Fiscal_Year_period,,Fiscal year is January - December,Financials in USD,Fiscal year is January - December
PGFF,quarterly,Q3 2024,"Sep '24 Sep 30, 2024",43,Financials in USD,Fiscal year is January - December
PGFF,quarterly,Q2 2024,"Jun '24 Jun 30, 2024","23,463",Financials in USD,Fiscal year is January - December
PGFF,quarterly,Q1 2024,"Mar '24 Mar 31, 2024","30,761",Financials in USD,Fiscal year is January - December
PGFF,quarterly,Q4 2023,"Dec '23 Dec 31, 2023",-9,Financials in USD,Fiscal year is January - December
PGFF,quarterly,Q3 2023,"Sep '23 Sep 30, 2023",-,Financials in USD,Fiscal year is January - December
PGFF,quarterly,Q2 2023,"Jun '23 Jun 30, 2023","9,295",Financials in USD,Fiscal year is January - December
PGFF,quarterly,Q1 2023,"Mar '23 Mar 31, 2023",-,Financials in USD,Fiscal year is January - December
PGFF,quarterly,Q4 2022,"Dec '22 Dec 31, 2022",-,Financials in USD,Fiscal year is January - December
PGFF,quarterly,Q3 2022,"Sep '22 Sep 30, 2022",-,Financials in USD,Fiscal year is January - December
PGFF,quarterly,Q2 2022,"Jun '22 Jun 30, 2022",-,Financials in USD,Fiscal year is January - December
PGFF,quarterly,Q1 2022,"Mar '22 Mar 31, 2022",-,Financials in USD,Fiscal year is January - December
PGFF,quarterly,Q4 2021,"Dec '21 Dec 31, 2021",-,Financials in USD,Fiscal year is January - December
PGFF,quarterly,Q3 2021,"Sep '21 Sep 30, 2021",-,Financials in USD,Fiscal year is January - December
PGFF,quarterly,Q2 2021,"Jun '21 Jun 30, 2021","1,300",Financials in USD,Fiscal year is January - December
PGFF,quarterly,Q1 2021,"Mar '21 Mar 31, 2021",-,Financials in USD,Fiscal year is January - December
PGFF,quarterly,Q4 2020,"Dec '20 Dec 31, 2020",-,Financials in USD,Fiscal year is January - December
PGFF,quarterly,Currency,,Financials in USD,Financials in USD,Fiscal year is January - December
PGFF,quarterly,Fiscal_Year_period,,Fiscal year is January - December,Financials in USD,Fiscal year is January - December
PLPL,annual,TTM,"Sep '16 Sep 30, 2016","338,483",Financials in USD,Fiscal year is July - June
PLPL,annual,FY 2016,"Jun '16 Jun 30, 2016","298,494",Financials in USD,Fiscal year is July - June
PLPL,annual,FY 2015,"Jun '15 Jun 30, 2015","92,898",Financials in USD,Fiscal year is July - June
PLPL,annual,FY 2014,"Jun '14 Jun 30, 2014","265,735",Financials in USD,Fiscal year is July - June
PLPL,annual,FY 2013,"Jun '13 Jun 30, 2013","359,143",Financials in USD,Fiscal year is July - June
PLPL,annual,FY 2012,"Jun '12 Jun 30, 2012","74,452",Financials in USD,Fiscal year is July - June
PLPL,annual,2011,2011,Upgrade,Financials in USD,Fiscal year is July - June
PLPL,annual,Currency,,Financials in USD,Financials in USD,Fiscal year is July - June
PLPL,annual,Fiscal_Year_period,,Fiscal year is July - June,Financials in USD,Fiscal year is July - June
PLPL,quarterly,Q1 2017,"Sep '16 Sep 30, 2016","80,820",Financials in USD,Fiscal year is July - June
PLPL,quarterly,Q3 2016,"Mar '16 Mar 31, 2016","100,295",Financials in USD,Fiscal year is July - June
PLPL,quarterly,Q2 2016,"Dec '15 Dec 31, 2015","50,553",Financials in USD,Fiscal year is July - June
PLPL,quarterly,Q1 2016,"Sep '15 Sep 30, 2015","40,831",Financials in USD,Fiscal year is July - June
PLPL,quarterly,Q3 2015,"Mar '15 Mar 31, 2015","21,744",Financials in USD,Fiscal year is July - June
PLPL,quarterly,Q2 2015,"Dec '14 Dec 31, 2014","67,101",Financials in USD,Fiscal year is July - June
PLPL,quarterly,Q1 2015,"Sep '14 Sep 30, 2014","26,387",Financials in USD,Fiscal year is July - June
PLPL,quarterly,Q4 2014,"Jun '14 Jun 30, 2014","14,889",Financials in USD,Fiscal year is July - June
PLPL,quarterly,Q3 2014,"Mar '14 Mar 31, 2014","12,554",Financials in USD,Fiscal year is July - June
PLPL,quarterly,Q2 2014,"Dec '13 Dec 31, 2013","13,187",Financials in USD,Fiscal year is July - June
PLPL,quarterly,Q1 2014,"Sep '13 Sep 30, 2013","226,953",Financials in USD,Fiscal year is July - June
PLPL,quarterly,Q4 2013,"Jun '13 Jun 30, 2013","45,427",Financials in USD,Fiscal year is July - June
PLPL,quarterly,Q3 2013,"Mar '13 Mar 31, 2013","65,850",Financials in USD,Fiscal year is July - June
PLPL,quarterly,Q2 2013,"Dec '12 Dec 31, 2012","113,816",Financials in USD,Fiscal year is July - June
PLPL,quarterly,Q1 2013,"Sep '12 Sep 30, 2012","133,816",Financials in USD,Fiscal year is July - June
PLPL,quarterly,Q4 2012,"Jun '12 Jun 30, 2012","25,435",Financials in USD,Fiscal year is July - June
PLPL,quarterly,Q3 2012,"Mar '12 Mar 31, 2012","33,850",Financials in USD,Fiscal year is July - June
PLPL,quarterly,Q2 2012,"Dec '11 Dec 31, 2011","13,896",Financials in USD,Fiscal year is July - June
PLPL,quarterly,Q1 2012,"Sep '11 Sep 30, 2011",-,Financials in USD,Fiscal year is July - June
PLPL,quarterly,Q4 2011,"Jun '11 Jun 30, 2011","-59,574",Financials in USD,Fiscal year is July - June
PLPL,quarterly,+3 Quarters,+3 Quarters,Upgrade,Financials in USD,Fiscal year is July - June
PLPL,quarterly,Currency,,Financials in USD,Financials in USD,Fiscal year is July - June
PLPL,quarterly,Fiscal_Year_period,,Fiscal year is July - June,Financials in USD,Fiscal year is July - June
PLSH,annual,TTM,"Mar '24 Mar 31, 2024","2,763,922",Financials in USD,Fiscal year is January - December
PLSH,annual,FY 2023,"Dec '23 Dec 31, 2023","2,384,956",Financials in USD,Fiscal year is January - December
PLSH,annual,FY 2022,"Dec '22 Dec 31, 2022","1,626,978",Financials in USD,Fiscal year is January - December
PLSH,annual,FY 2021,"Dec '21 Dec 31, 2021","2,059,627",Financials in USD,Fiscal year is January - December
PLSH,annual,FY 2020,"Dec '20 Dec 31, 2020","9,017,720",Financials in USD,Fiscal year is January - December
PLSH,annual,FY 2019,"Dec '19 Dec 31, 2019","2,198,408",Financials in USD,Fiscal year is January - December
PLSH,annual,Currency,,Financials in USD,Financials in USD,Fiscal year is January - December
PLSH,annual,Fiscal_Year_period,,Fiscal year is January - December,Financials in USD,Fiscal year is January - December
PLSH,quarterly,Q1 2024,"Mar '24 Mar 31, 2024","1,056,447",Financials in USD,Fiscal year is January - December
PLSH,quarterly,Q4 2023,"Dec '23 Dec 31, 2023","960,496",Financials in USD,Fiscal year is January - December
PLSH,quarterly,Q3 2023,"Sep '23 Sep 30, 2023","347,851",Financials in USD,Fiscal year is January - December
PLSH,quarterly,Q2 2023,"Jun '23 Jun 30, 2023","399,128",Financials in USD,Fiscal year is January - December
PLSH,quarterly,Q1 2023,"Mar '23 Mar 31, 2023","677,481",Financials in USD,Fiscal year is January - December
PLSH,quarterly,Q4 2022,"Dec '22 Dec 31, 2022","324,788",Financials in USD,Fiscal year is January - December
PLSH,quarterly,Q3 2022,"Sep '22 Sep 30, 2022","366,244",Financials in USD,Fiscal year is January - December
PLSH,quarterly,Q2 2022,"Jun '22 Jun 30, 2022","469,472",Financials in USD,Fiscal year is January - December
PLSH,quarterly,Q1 2022,"Mar '22 Mar 31, 2022","466,474",Financials in USD,Fiscal year is January - December
PLSH,quarterly,Q4 2021,"Dec '21 Dec 31, 2021","645,953",Financials in USD,Fiscal year is January - December
PLSH,quarterly,Q3 2021,"Sep '21 Sep 30, 2021","588,040",Financials in USD,Fiscal year is January - December
PLSH,quarterly,Q2 2021,"Jun '21 Jun 30, 2021","313,496",Financials in USD,Fiscal year is January - December
PLSH,quarterly,Q1 2021,"Mar '21 Mar 31, 2021","512,138",Financials in USD,Fiscal year is January - December
PLSH,quarterly,Q4 2020,"Dec '20 Dec 31, 2020","712,090",Financials in USD,Fiscal year is January - December
PLSH,quarterly,Q3 2020,"Sep '20 Sep 30, 2020","1,343,641",Financials in USD,Fiscal year is January - December
PLSH,quarterly,Q2 2020,"Jun '20 Jun 30, 2020","6,161,468",Financials in USD,Fiscal year is January - December
PLSH,quarterly,Q1 2020,"Mar '20 Mar 31, 2020","3,480,995",Financials in USD,Fiscal year is January - December
PLSH,quarterly,Q3 2019,"Sep '19 Sep 30, 2019","60,153",Financials in USD,Fiscal year is January - December
PLSH,quarterly,Q2 2019,"Jun '19 Jun 30, 2019","139,683",Financials in USD,Fiscal year is January - December
PLSH,quarterly,Q1 2019,"Mar '19 Mar 31, 2019","77,832",Financials in USD,Fiscal year is January - December
PLSH,quarterly,+1 Quarters,+1 Quarters,Upgrade,Financials in USD,Fiscal year is January - December
PLSH,quarterly,Currency,,Financials in USD,Financials in USD,Fiscal year is January - December
PLSH,quarterly,Fiscal_Year_period,,Fiscal year is January - December,Financials in USD,Fiscal year is January - December
PVCT,annual,TTM,"Sep '24 Sep 30, 2024","723,918",Financials in USD,Fiscal year is January - December
PVCT,annual,FY 2023,"Dec '23 Dec 31, 2023","557,710",Financials in USD,Fiscal year is January - December
PVCT,annual,FY 2022,"Dec '22 Dec 31, 2022","989,042",Financials in USD,Fiscal year is January - December
PVCT,annual,FY 2021,"Dec '21 Dec 31, 2021",-,Financials in USD,Fiscal year is January - December
PVCT,annual,FY 2020,"Dec '20 Dec 31, 2020",-,Financials in USD,Fiscal year is January - December
PVCT,annual,FY 2019,"Dec '19 Dec 31, 2019",-,Financials in USD,Fiscal year is January - December
PVCT,annual,2018 - 2014,2018 - 2014,Upgrade,Financials in USD,Fiscal year is January - December
PVCT,annual,Currency,,Financials in USD,Financials in USD,Fiscal year is January - December
PVCT,annual,Fiscal_Year_period,,Fiscal year is January - December,Financials in USD,Fiscal year is January - December
PVCT,quarterly,Q3 2024,"Sep '24 Sep 30, 2024","109,745",Financials in USD,Fiscal year is January - December
PVCT,quarterly,Q2 2024,"Jun '24 Jun 30, 2024","254,991",Financials in USD,Fiscal year is January - December
PVCT,quarterly,Q1 2024,"Mar '24 Mar 31, 2024","238,072",Financials in USD,Fiscal year is January - December
PVCT,quarterly,Q4 2023,"Dec '23 Dec 31, 2023","121,110",Financials in USD,Fiscal year is January - December
PVCT,quarterly,Q3 2023,"Sep '23 Sep 30, 2023","69,733",Financials in USD,Fiscal year is January - December
PVCT,quarterly,Q2 2023,"Jun '23 Jun 30, 2023","161,842",Financials in USD,Fiscal year is January - December
PVCT,quarterly,Q1 2023,"Mar '23 Mar 31, 2023","205,025",Financials in USD,Fiscal year is January - December
PVCT,quarterly,Q4 2022,"Dec '22 Dec 31, 2022","164,837",Financials in USD,Fiscal year is January - December
PVCT,quarterly,Q3 2022,"Sep '22 Sep 30, 2022","314,890",Financials in USD,Fiscal year is January - December
PVCT,quarterly,Q2 2022,"Jun '22 Jun 30, 2022","321,710",Financials in USD,Fiscal year is January - December
PVCT,quarterly,Q1 2022,"Mar '22 Mar 31, 2022","187,605",Financials in USD,Fiscal year is January - December
PVCT,quarterly,Q4 2021,"Dec '21 Dec 31, 2021",-,Financials in USD,Fiscal year is January - December
PVCT,quarterly,Q3 2021,"Sep '21 Sep 30, 2021",-,Financials in USD,Fiscal year is January - December
PVCT,quarterly,Q2 2021,"Jun '21 Jun 30, 2021",-,Financials in USD,Fiscal year is January - December
PVCT,quarterly,Q1 2021,"Mar '21 Mar 31, 2021",-,Financials in USD,Fiscal year is January - December
PVCT,quarterly,Q4 2020,"Dec '20 Dec 31, 2020",-,Financials in USD,Fiscal year is January - December
PVCT,quarterly,Q3 2020,"Sep '20 Sep 30, 2020",-,Financials in USD,Fiscal year is January - December
PVCT,quarterly,Q2 2020,"Jun '20 Jun 30, 2020",-,Financials in USD,Fiscal year is January - December
PVCT,quarterly,Q1 2020,"Mar '20 Mar 31, 2020",-,Financials in USD,Fiscal year is January - December
PVCT,quarterly,Q4 2019,"Dec '19 Dec 31, 2019",-,Financials in USD,Fiscal year is January - December
PVCT,quarterly,+20 Quarters,+20 Quarters,Upgrade,Financials in USD,Fiscal year is January - December
PVCT,quarterly,Currency,,Financials in USD,Financials in USD,Fiscal year is January - December
PVCT,quarterly,Fiscal_Year_period,,Fiscal year is January - December,Financials in USD,Fiscal year is January - December
QBIO,annual,TTM,"Feb '23 Feb 28, 2023","209,293",Financials in USD,Fiscal year is December - November
QBIO,annual,FY 2022,"Nov '22 Nov 30, 2022","284,352",Financials in USD,Fiscal year is December - November
QBIO,annual,FY 2021,"Nov '21 Nov 30, 2021","195,597",Financials in USD,Fiscal year is December - November
QBIO,annual,FY 2020,"Nov '20 Nov 30, 2020","30,000",Financials in USD,Fiscal year is December - November
QBIO,annual,FY 2019,"Nov '19 Nov 30, 2019",-,Financials in USD,Fiscal year is December - November
QBIO,annual,FY 2018,"Nov '18 Nov 30, 2018",-,Financials in USD,Fiscal year is December - November
QBIO,annual,2017 - 2014,2017 - 2014,Upgrade,Financials in USD,Fiscal year is December - November
QBIO,annual,Currency,,Financials in USD,Financials in USD,Fiscal year is December - November
QBIO,annual,Fiscal_Year_period,,Fiscal year is December - November,Financials in USD,Fiscal year is December - November
QBIO,quarterly,Q1 2023,"Feb '23 Feb 28, 2023",-,Financials in USD,Fiscal year is December - November
QBIO,quarterly,Q4 2022,"Nov '22 Nov 30, 2022","12,535",Financials in USD,Fiscal year is December - November
QBIO,quarterly,Q3 2022,"Aug '22 Aug 31, 2022","26,271",Financials in USD,Fiscal year is December - November
QBIO,quarterly,Q2 2022,"May '22 May 31, 2022","170,487",Financials in USD,Fiscal year is December - November
QBIO,quarterly,Q1 2022,"Feb '22 Feb 28, 2022","75,059",Financials in USD,Fiscal year is December - November
QBIO,quarterly,Q4 2021,"Nov '21 Nov 30, 2021","104,922",Financials in USD,Fiscal year is December - November
QBIO,quarterly,Q3 2021,"Aug '21 Aug 31, 2021","45,675",Financials in USD,Fiscal year is December - November
QBIO,quarterly,Q2 2021,"May '21 May 31, 2021","45,000",Financials in USD,Fiscal year is December - November
QBIO,quarterly,Q1 2021,"Feb '21 Feb 28, 2021",-,Financials in USD,Fiscal year is December - November
QBIO,quarterly,Q4 2020,"Nov '20 Nov 30, 2020",-,Financials in USD,Fiscal year is December - November
QBIO,quarterly,Q3 2020,"Aug '20 Aug 31, 2020","15,000",Financials in USD,Fiscal year is December - November
QBIO,quarterly,Q2 2020,"May '20 May 31, 2020","15,000",Financials in USD,Fiscal year is December - November
QBIO,quarterly,Q1 2020,"Feb '20 Feb 29, 2020",-,Financials in USD,Fiscal year is December - November
QBIO,quarterly,Q4 2019,"Nov '19 Nov 30, 2019",-,Financials in USD,Fiscal year is December - November
QBIO,quarterly,Q3 2019,"Aug '19 Aug 31, 2019",-,Financials in USD,Fiscal year is December - November
QBIO,quarterly,Q2 2019,"May '19 May 31, 2019",-,Financials in USD,Fiscal year is December - November
QBIO,quarterly,Q1 2019,"Feb '19 Feb 28, 2019",-,Financials in USD,Fiscal year is December - November
QBIO,quarterly,Q4 2018,"Nov '18 Nov 30, 2018",-,Financials in USD,Fiscal year is December - November
QBIO,quarterly,Q3 2018,"Aug '18 Aug 31, 2018",-,Financials in USD,Fiscal year is December - November
QBIO,quarterly,Q2 2018,"May '18 May 31, 2018",-,Financials in USD,Fiscal year is December - November
QBIO,quarterly,+17 Quarters,+17 Quarters,Upgrade,Financials in USD,Fiscal year is December - November
QBIO,quarterly,Currency,,Financials in USD,Financials in USD,Fiscal year is December - November
QBIO,quarterly,Fiscal_Year_period,,Fiscal year is December - November,Financials in USD,Fiscal year is December - November
RGBP,annual,TTM,"Sep '24 Sep 30, 2024","236,560",Financials in USD,Fiscal year is October - September
RGBP,annual,FY 2024,"Sep '24 Sep 30, 2024","236,560",Financials in USD,Fiscal year is October - September
RGBP,annual,FY 2023,"Sep '23 Sep 30, 2023","236,560",Financials in USD,Fiscal year is October - September
RGBP,annual,FY 2022,"Sep '22 Sep 30, 2022","235,517",Financials in USD,Fiscal year is October - September
RGBP,annual,FY 2021,"Sep '21 Sep 30, 2021","171,194",Financials in USD,Fiscal year is October - September
RGBP,annual,FY 2020,"Sep '20 Sep 30, 2020","110,000",Financials in USD,Fiscal year is October - September
RGBP,annual,2019 - 2015,2019 - 2015,Upgrade,Financials in USD,Fiscal year is October - September
RGBP,annual,Currency,,Financials in USD,Financials in USD,Fiscal year is October - September
RGBP,annual,Fiscal_Year_period,,Fiscal year is October - September,Financials in USD,Fiscal year is October - September
RGBP,quarterly,Q4 2024,"Sep '24 Sep 30, 2024","59,366",Financials in USD,Fiscal year is October - September
RGBP,quarterly,Q3 2024,"Jun '24 Jun 30, 2024","59,065",Financials in USD,Fiscal year is October - September
RGBP,quarterly,Q2 2024,"Mar '24 Mar 31, 2024","59,065",Financials in USD,Fiscal year is October - September
RGBP,quarterly,Q1 2024,"Dec '23 Dec 31, 2023","59,065",Financials in USD,Fiscal year is October - September
RGBP,quarterly,Q4 2023,"Sep '23 Sep 30, 2023","59,366",Financials in USD,Fiscal year is October - September
RGBP,quarterly,Q3 2023,"Jun '23 Jun 30, 2023","59,065",Financials in USD,Fiscal year is October - September
RGBP,quarterly,Q2 2023,"Mar '23 Mar 31, 2023","59,065",Financials in USD,Fiscal year is October - September
RGBP,quarterly,Q1 2023,"Dec '22 Dec 31, 2022","59,065",Financials in USD,Fiscal year is October - September
RGBP,quarterly,Q4 2022,"Sep '22 Sep 30, 2022","59,366",Financials in USD,Fiscal year is October - September
RGBP,quarterly,Q3 2022,"Jun '22 Jun 30, 2022","58,717",Financials in USD,Fiscal year is October - September
RGBP,quarterly,Q2 2022,"Mar '22 Mar 31, 2022","58,369",Financials in USD,Fiscal year is October - September
RGBP,quarterly,Q1 2022,"Dec '21 Dec 31, 2021","59,065",Financials in USD,Fiscal year is October - September
RGBP,quarterly,Q4 2021,"Sep '21 Sep 30, 2021","59,714",Financials in USD,Fiscal year is October - September
RGBP,quarterly,Q3 2021,"Jun '21 Jun 30, 2021","56,631",Financials in USD,Fiscal year is October - September
RGBP,quarterly,Q2 2021,"Mar '21 Mar 31, 2021","27,425",Financials in USD,Fiscal year is October - September
RGBP,quarterly,Q1 2021,"Dec '20 Dec 31, 2020","27,425",Financials in USD,Fiscal year is October - September
RGBP,quarterly,Q4 2020,"Sep '20 Sep 30, 2020","27,726",Financials in USD,Fiscal year is October - September
RGBP,quarterly,Q3 2020,"Jun '20 Jun 30, 2020","27,425",Financials in USD,Fiscal year is October - September
RGBP,quarterly,Q2 2020,"Mar '20 Mar 31, 2020","27,425",Financials in USD,Fiscal year is October - September
RGBP,quarterly,Q1 2020,"Dec '19 Dec 31, 2019","27,425",Financials in USD,Fiscal year is October - September
RGBP,quarterly,+20 Quarters,+20 Quarters,Upgrade,Financials in USD,Fiscal year is October - September
RGBP,quarterly,Currency,,Financials in USD,Financials in USD,Fiscal year is October - September
RGBP,quarterly,Fiscal_Year_period,,Fiscal year is October - September,Financials in USD,Fiscal year is October - September
RGTPQ,annual,TTM,"Mar '23 Mar 31, 2023","73,000",Financials in USD,Fiscal year is January - December
RGTPQ,annual,FY 2022,"Dec '22 Dec 31, 2022","814,000",Financials in USD,Fiscal year is January - December
RGTPQ,annual,FY 2021,"Dec '21 Dec 31, 2021","9,404,000",Financials in USD,Fiscal year is January - December
RGTPQ,annual,FY 2020,"Dec '20 Dec 31, 2020","10,126,000",Financials in USD,Fiscal year is January - December
RGTPQ,annual,FY 2019,"Dec '19 Dec 31, 2019","5,652,000",Financials in USD,Fiscal year is January - December
RGTPQ,annual,FY 2018,"Dec '18 Dec 31, 2018","4,038,000",Financials in USD,Fiscal year is January - December
RGTPQ,annual,2017 - 2013,2017 - 2013,Upgrade,Financials in USD,Fiscal year is January - December
RGTPQ,annual,Currency,,Financials in USD,Financials in USD,Fiscal year is January - December
RGTPQ,annual,Fiscal_Year_period,,Fiscal year is January - December,Financials in USD,Fiscal year is January - December
RGTPQ,quarterly,Q1 2023,"Mar '23 Mar 31, 2023",-,Financials in USD,Fiscal year is January - December
RGTPQ,quarterly,Q4 2022,"Dec '22 Dec 31, 2022",-,Financials in USD,Fiscal year is January - December
RGTPQ,quarterly,Q3 2022,"Sep '22 Sep 30, 2022",-,Financials in USD,Fiscal year is January - December
RGTPQ,quarterly,Q2 2022,"Jun '22 Jun 30, 2022","73,000",Financials in USD,Fiscal year is January - December
RGTPQ,quarterly,Q1 2022,"Mar '22 Mar 31, 2022","741,000",Financials in USD,Fiscal year is January - December
RGTPQ,quarterly,Q4 2021,"Dec '21 Dec 31, 2021","1,042,000",Financials in USD,Fiscal year is January - December
RGTPQ,quarterly,Q3 2021,"Sep '21 Sep 30, 2021","1,116,000",Financials in USD,Fiscal year is January - December
RGTPQ,quarterly,Q2 2021,"Jun '21 Jun 30, 2021","2,537,000",Financials in USD,Fiscal year is January - December
RGTPQ,quarterly,Q1 2021,"Mar '21 Mar 31, 2021","4,709,000",Financials in USD,Fiscal year is January - December
RGTPQ,quarterly,Q4 2020,"Dec '20 Dec 31, 2020","3,590,000",Financials in USD,Fiscal year is January - December
RGTPQ,quarterly,Q3 2020,"Sep '20 Sep 30, 2020","3,337,000",Financials in USD,Fiscal year is January - December
RGTPQ,quarterly,Q2 2020,"Jun '20 Jun 30, 2020","2,266,000",Financials in USD,Fiscal year is January - December
RGTPQ,quarterly,Q1 2020,"Mar '20 Mar 31, 2020","933,000",Financials in USD,Fiscal year is January - December
RGTPQ,quarterly,Q4 2019,"Dec '19 Dec 31, 2019","1,466,000",Financials in USD,Fiscal year is January - December
RGTPQ,quarterly,Q3 2019,"Sep '19 Sep 30, 2019","1,395,000",Financials in USD,Fiscal year is January - December
RGTPQ,quarterly,Q2 2019,"Jun '19 Jun 30, 2019","1,326,000",Financials in USD,Fiscal year is January - December
RGTPQ,quarterly,Q1 2019,"Mar '19 Mar 31, 2019","1,465,000",Financials in USD,Fiscal year is January - December
RGTPQ,quarterly,Q4 2018,"Dec '18 Dec 31, 2018","2,990,000",Financials in USD,Fiscal year is January - December
RGTPQ,quarterly,Q3 2018,"Sep '18 Sep 30, 2018","725,000",Financials in USD,Fiscal year is January - December
RGTPQ,quarterly,Q2 2018,"Jun '18 Jun 30, 2018","320,000",Financials in USD,Fiscal year is January - December
RGTPQ,quarterly,+20 Quarters,+20 Quarters,Upgrade,Financials in USD,Fiscal year is January - December
RGTPQ,quarterly,Currency,,Financials in USD,Financials in USD,Fiscal year is January - December
RGTPQ,quarterly,Fiscal_Year_period,,Fiscal year is January - December,Financials in USD,Fiscal year is January - December
RSCI,annual,TTM,"Mar '12 Mar 31, 2012","259,711",Financials in USD,Fiscal year is January - December
RSCI,annual,FY 2011,"Dec '11 Dec 31, 2011","265,771",Financials in USD,Fiscal year is January - December
RSCI,annual,FY 2010,"Dec '10 Dec 31, 2010","222,073",Financials in USD,Fiscal year is January - December
RSCI,annual,FY 2009,"Dec '09 Dec 31, 2009","465,740",Financials in USD,Fiscal year is January - December
RSCI,annual,Currency,,Financials in USD,Financials in USD,Fiscal year is January - December
RSCI,annual,Fiscal_Year_period,,Fiscal year is January - December,Financials in USD,Fiscal year is January - December
RSCI,quarterly,Q1 2012,"Mar '12 Mar 31, 2012","19,416",Financials in USD,Fiscal year is January - December
RSCI,quarterly,Q4 2011,"Dec '11 Dec 31, 2011","30,979",Financials in USD,Fiscal year is January - December
RSCI,quarterly,Q3 2011,"Sep '11 Sep 30, 2011","86,730",Financials in USD,Fiscal year is January - December
RSCI,quarterly,Q2 2011,"Jun '11 Jun 30, 2011","121,853",Financials in USD,Fiscal year is January - December
RSCI,quarterly,Q1 2011,"Mar '11 Mar 31, 2011","25,476",Financials in USD,Fiscal year is January - December
RSCI,quarterly,Q4 2010,"Dec '10 Dec 31, 2010","1,016",Financials in USD,Fiscal year is January - December
RSCI,quarterly,Q3 2010,"Sep '10 Sep 30, 2010","67,785",Financials in USD,Fiscal year is January - December
RSCI,quarterly,Q2 2010,"Jun '10 Jun 30, 2010","110,287",Financials in USD,Fiscal year is January - December
RSCI,quarterly,Q1 2010,"Mar '10 Mar 31, 2010","42,985",Financials in USD,Fiscal year is January - December
RSCI,quarterly,Q4 2009,"Dec '09 Dec 31, 2009","11,937",Financials in USD,Fiscal year is January - December
RSCI,quarterly,Q3 2009,"Sep '09 Sep 30, 2009","123,883",Financials in USD,Fiscal year is January - December
RSCI,quarterly,Q2 2009,"Jun '09 Jun 30, 2009","164,960",Financials in USD,Fiscal year is January - December
RSCI,quarterly,Q1 2009,"Mar '09 Mar 31, 2009","164,960",Financials in USD,Fiscal year is January - December
RSCI,quarterly,Currency,,Financials in USD,Financials in USD,Fiscal year is January - December
RSCI,quarterly,Fiscal_Year_period,,Fiscal year is January - December,Financials in USD,Fiscal year is January - December
RTSL,annual,TTM,"Jun '23 Jun 30, 2023",-,Financials in USD,Fiscal year is January - December
RTSL,annual,FY 2022,"Dec '22 Dec 31, 2022",-,Financials in USD,Fiscal year is January - December
RTSL,annual,FY 2021,"Dec '21 Dec 31, 2021",534,Financials in USD,Fiscal year is January - December
RTSL,annual,FY 2020,"Dec '20 Dec 31, 2020","140,055",Financials in USD,Fiscal year is January - December
RTSL,annual,FY 2020,"Mar '20 Mar 31, 2020","9,139",Financials in USD,Fiscal year is January - December
RTSL,annual,FY 2019,"Mar '19 Mar 31, 2019",-,Financials in USD,Fiscal year is January - December
RTSL,annual,2018 - 2014,2018 - 2014,Upgrade,Financials in USD,Fiscal year is January - December
RTSL,annual,Currency,,Financials in USD,Financials in USD,Fiscal year is January - December
RTSL,annual,Fiscal_Year_period,,Fiscal year is January - December,Financials in USD,Fiscal year is January - December
RTSL,quarterly,Q2 2023,"Jun '23 Jun 30, 2023",-,Financials in USD,Fiscal year is January - December
RTSL,quarterly,Q1 2023,"Mar '23 Mar 31, 2023",-,Financials in USD,Fiscal year is January - December
RTSL,quarterly,Q4 2022,"Dec '22 Dec 31, 2022",-,Financials in USD,Fiscal year is January - December
RTSL,quarterly,Q3 2022,"Sep '22 Sep 30, 2022",-,Financials in USD,Fiscal year is January - December
RTSL,quarterly,Q2 2022,"Jun '22 Jun 30, 2022",-,Financials in USD,Fiscal year is January - December
RTSL,quarterly,Q1 2022,"Mar '22 Mar 31, 2022",-,Financials in USD,Fiscal year is January - December
RTSL,quarterly,Q4 2021,"Dec '21 Dec 31, 2021",60,Financials in USD,Fiscal year is January - December
RTSL,quarterly,Q3 2021,"Sep '21 Sep 30, 2021",50,Financials in USD,Fiscal year is January - December
RTSL,quarterly,Q2 2021,"Jun '21 Jun 30, 2021",424,Financials in USD,Fiscal year is January - December
RTSL,quarterly,Q1 2021,"Mar '21 Mar 31, 2021",-,Financials in USD,Fiscal year is January - December
RTSL,quarterly,Q4 2020,"Dec '20 Dec 31, 2020",-,Financials in USD,Fiscal year is January - December
RTSL,quarterly,Q3 2020,"Sep '20 Sep 30, 2020","1,629",Financials in USD,Fiscal year is January - December
RTSL,quarterly,Q2 2020,"Jun '20 Jun 30, 2020","129,287",Financials in USD,Fiscal year is January - December
RTSL,quarterly,Q1 2020,"Mar '20 Mar 31, 2020","9,139",Financials in USD,Fiscal year is January - December
RTSL,quarterly,Q3 2020,"Dec '19 Dec 31, 2019",-,Financials in USD,Fiscal year is January - December
RTSL,quarterly,Q2 2020,"Sep '19 Sep 30, 2019",-,Financials in USD,Fiscal year is January - December
RTSL,quarterly,Q1 2020,"Jun '19 Jun 30, 2019",-,Financials in USD,Fiscal year is January - December
RTSL,quarterly,Q4 2019,"Mar '19 Mar 31, 2019",-,Financials in USD,Fiscal year is January - December
RTSL,quarterly,Q3 2019,"Dec '18 Dec 31, 2018",-,Financials in USD,Fiscal year is January - December
RTSL,quarterly,Q2 2019,"Sep '18 Sep 30, 2018",-,Financials in USD,Fiscal year is January - December
RTSL,quarterly,+20 Quarters,+20 Quarters,Upgrade,Financials in USD,Fiscal year is January - December
RTSL,quarterly,Currency,,Financials in USD,Financials in USD,Fiscal year is January - December
RTSL,quarterly,Fiscal_Year_period,,Fiscal year is January - December,Financials in USD,Fiscal year is January - December
RVLPQ,annual,TTM,"Jun '23 Jun 30, 2023","36,919,000",Financials in USD,Fiscal year is January - December
RVLPQ,annual,FY 2022,"Dec '22 Dec 31, 2022","49,721,000",Financials in USD,Fiscal year is January - December
RVLPQ,annual,FY 2021,"Dec '21 Dec 31, 2021","17,501,000",Financials in USD,Fiscal year is January - December
RVLPQ,annual,FY 2020,"Dec '20 Dec 31, 2020","27,762,000",Financials in USD,Fiscal year is January - December
RVLPQ,annual,FY 2019,"Dec '19 Dec 31, 2019","240,031,000",Financials in USD,Fiscal year is January - December
RVLPQ,annual,FY 2018,"Dec '18 Dec 31, 2018","263,701,000",Financials in USD,Fiscal year is January - December
RVLPQ,annual,2017 - 2016,2017 - 2016,Upgrade,Financials in USD,Fiscal year is January - December
RVLPQ,annual,Currency,,Financials in USD,Financials in USD,Fiscal year is January - December
RVLPQ,annual,Fiscal_Year_period,,Fiscal year is January - December,Financials in USD,Fiscal year is January - December
RVLPQ,quarterly,Q2 2023,"Jun '23 Jun 30, 2023","8,258,000",Financials in USD,Fiscal year is January - December
RVLPQ,quarterly,Q1 2023,"Mar '23 Mar 31, 2023","8,832,000",Financials in USD,Fiscal year is January - December
RVLPQ,quarterly,Q4 2022,"Dec '22 Dec 31, 2022","9,807,000",Financials in USD,Fiscal year is January - December
RVLPQ,quarterly,Q3 2022,"Sep '22 Sep 30, 2022","10,022,000",Financials in USD,Fiscal year is January - December
RVLPQ,quarterly,Q2 2022,"Jun '22 Jun 30, 2022","8,448,000",Financials in USD,Fiscal year is January - December
RVLPQ,quarterly,Q1 2022,"Mar '22 Mar 31, 2022","21,444,000",Financials in USD,Fiscal year is January - December
RVLPQ,quarterly,Q4 2021,"Dec '21 Dec 31, 2021","2,860,000",Financials in USD,Fiscal year is January - December
RVLPQ,quarterly,Q3 2021,"Sep '21 Sep 30, 2021","2,196,000",Financials in USD,Fiscal year is January - December
RVLPQ,quarterly,Q2 2021,"Jun '21 Jun 30, 2021","11,510,000",Financials in USD,Fiscal year is January - December
RVLPQ,quarterly,Q1 2021,"Mar '21 Mar 31, 2021","935,000",Financials in USD,Fiscal year is January - December
RVLPQ,quarterly,Q4 2020,"Dec '20 Dec 31, 2020","1,135,000",Financials in USD,Fiscal year is January - December
RVLPQ,quarterly,Q3 2020,"Sep '20 Sep 30, 2020","25,751,000",Financials in USD,Fiscal year is January - December
RVLPQ,quarterly,Q2 2020,"Jun '20 Jun 30, 2020","234,000",Financials in USD,Fiscal year is January - December
RVLPQ,quarterly,Q1 2020,"Mar '20 Mar 31, 2020","230,000",Financials in USD,Fiscal year is January - December
RVLPQ,quarterly,Q4 2019,"Dec '19 Dec 31, 2019","59,911,000",Financials in USD,Fiscal year is January - December
RVLPQ,quarterly,Q3 2019,"Sep '19 Sep 30, 2019","65,461,000",Financials in USD,Fiscal year is January - December
RVLPQ,quarterly,Q2 2019,"Jun '19 Jun 30, 2019","57,532,000",Financials in USD,Fiscal year is January - December
RVLPQ,quarterly,Q1 2019,"Mar '19 Mar 31, 2019","57,126,000",Financials in USD,Fiscal year is January - December
RVLPQ,quarterly,Q4 2018,"Dec '18 Dec 31, 2018","65,696,401",Financials in USD,Fiscal year is January - December
RVLPQ,quarterly,Q3 2018,"Sep '18 Sep 30, 2018","66,344,845",Financials in USD,Fiscal year is January - December
RVLPQ,quarterly,+6 Quarters,+6 Quarters,Upgrade,Financials in USD,Fiscal year is January - December
RVLPQ,quarterly,Currency,,Financials in USD,Financials in USD,Fiscal year is January - December
RVLPQ,quarterly,Fiscal_Year_period,,Fiscal year is January - December,Financials in USD,Fiscal year is January - December
SEELQ,annual,TTM,"Jun '24 Jun 30, 2024","2,014,000",Financials in USD,Fiscal year is January - December
SEELQ,annual,FY 2023,"Dec '23 Dec 31, 2023","2,203,000",Financials in USD,Fiscal year is January - December
SEELQ,annual,FY 2022,"Dec '22 Dec 31, 2022",-,Financials in USD,Fiscal year is January - December
SEELQ,annual,FY 2021,"Dec '21 Dec 31, 2021",-,Financials in USD,Fiscal year is January - December
SEELQ,annual,FY 2020,"Dec '20 Dec 31, 2020",-,Financials in USD,Fiscal year is January - December
SEELQ,annual,FY 2019,"Dec '19 Dec 31, 2019","375,000",Financials in USD,Fiscal year is January - December
SEELQ,annual,2018 - 2016,2018 - 2016,Upgrade,Financials in USD,Fiscal year is January - December
SEELQ,annual,Currency,,Financials in USD,Financials in USD,Fiscal year is January - December
SEELQ,annual,Fiscal_Year_period,,Fiscal year is January - December,Financials in USD,Fiscal year is January - December
SEELQ,quarterly,Q2 2024,"Jun '24 Jun 30, 2024","376,000",Financials in USD,Fiscal year is January - December
SEELQ,quarterly,Q1 2024,"Mar '24 Mar 31, 2024","579,000",Financials in USD,Fiscal year is January - December
SEELQ,quarterly,Q4 2023,"Dec '23 Dec 31, 2023","653,000",Financials in USD,Fiscal year is January - December
SEELQ,quarterly,Q3 2023,"Sep '23 Sep 30, 2023","406,000",Financials in USD,Fiscal year is January - December
SEELQ,quarterly,Q2 2023,"Jun '23 Jun 30, 2023","336,000",Financials in USD,Fiscal year is January - December
SEELQ,quarterly,Q1 2023,"Mar '23 Mar 31, 2023","808,000",Financials in USD,Fiscal year is January - December
SEELQ,quarterly,Q4 2022,"Dec '22 Dec 31, 2022",-,Financials in USD,Fiscal year is January - December
SEELQ,quarterly,Q3 2022,"Sep '22 Sep 30, 2022",-,Financials in USD,Fiscal year is January - December
SEELQ,quarterly,Q2 2022,"Jun '22 Jun 30, 2022",-,Financials in USD,Fiscal year is January - December
SEELQ,quarterly,Q1 2022,"Mar '22 Mar 31, 2022",-,Financials in USD,Fiscal year is January - December
SEELQ,quarterly,Q4 2021,"Dec '21 Dec 31, 2021",-,Financials in USD,Fiscal year is January - December
SEELQ,quarterly,Q3 2021,"Sep '21 Sep 30, 2021",-,Financials in USD,Fiscal year is January - December
SEELQ,quarterly,Q2 2021,"Jun '21 Jun 30, 2021",-,Financials in USD,Fiscal year is January - December
SEELQ,quarterly,Q1 2021,"Mar '21 Mar 31, 2021",-,Financials in USD,Fiscal year is January - December
SEELQ,quarterly,Q4 2020,"Dec '20 Dec 31, 2020",-,Financials in USD,Fiscal year is January - December
SEELQ,quarterly,Q3 2020,"Sep '20 Sep 30, 2020",-,Financials in USD,Fiscal year is January - December
SEELQ,quarterly,Q2 2020,"Jun '20 Jun 30, 2020",-,Financials in USD,Fiscal year is January - December
SEELQ,quarterly,Q1 2020,"Mar '20 Mar 31, 2020",-,Financials in USD,Fiscal year is January - December
SEELQ,quarterly,Q4 2019,"Dec '19 Dec 31, 2019",-,Financials in USD,Fiscal year is January - December
SEELQ,quarterly,Q3 2019,"Sep '19 Sep 30, 2019","375,000",Financials in USD,Fiscal year is January - December
SEELQ,quarterly,+9 Quarters,+9 Quarters,Upgrade,Financials in USD,Fiscal year is January - December
SEELQ,quarterly,Currency,,Financials in USD,Financials in USD,Fiscal year is January - December
SEELQ,quarterly,Fiscal_Year_period,,Fiscal year is January - December,Financials in USD,Fiscal year is January - December
SILO,annual,TTM,"Sep '24 Sep 30, 2024","72,102",Financials in USD,Fiscal year is January - December
SILO,annual,FY 2023,"Dec '23 Dec 31, 2023","72,102",Financials in USD,Fiscal year is January - December
SILO,annual,FY 2022,"Dec '22 Dec 31, 2022","72,102",Financials in USD,Fiscal year is January - December
SILO,annual,FY 2021,"Dec '21 Dec 31, 2021","71,264",Financials in USD,Fiscal year is January - December
SILO,annual,FY 2020,"Dec '20 Dec 31, 2020",-,Financials in USD,Fiscal year is January - December
SILO,annual,FY 2019,"Dec '19 Dec 31, 2019","40,569",Financials in USD,Fiscal year is January - December
SILO,annual,2018 - 2014,2018 - 2014,Upgrade,Financials in USD,Fiscal year is January - December
SILO,annual,Currency,,Financials in USD,Financials in USD,Fiscal year is January - December
SILO,annual,Fiscal_Year_period,,Fiscal year is January - December,Financials in USD,Fiscal year is January - December
SILO,quarterly,Q3 2024,"Sep '24 Sep 30, 2024","18,025",Financials in USD,Fiscal year is January - December
SILO,quarterly,Q2 2024,"Jun '24 Jun 30, 2024","18,025",Financials in USD,Fiscal year is January - December
SILO,quarterly,Q1 2024,"Mar '24 Mar 31, 2024","18,026",Financials in USD,Fiscal year is January - December
SILO,quarterly,Q4 2023,"Dec '23 Dec 31, 2023",-,Financials in USD,Fiscal year is January - December
SILO,quarterly,Q3 2023,"Sep '23 Sep 30, 2023","18,025",Financials in USD,Fiscal year is January - December
SILO,quarterly,Q2 2023,"Jun '23 Jun 30, 2023","18,025",Financials in USD,Fiscal year is January - December
SILO,quarterly,Q1 2023,"Mar '23 Mar 31, 2023","18,026",Financials in USD,Fiscal year is January - December
SILO,quarterly,Q4 2022,"Dec '22 Dec 31, 2022","18,026",Financials in USD,Fiscal year is January - December
SILO,quarterly,Q3 2022,"Sep '22 Sep 30, 2022","18,025",Financials in USD,Fiscal year is January - December
SILO,quarterly,Q2 2022,"Jun '22 Jun 30, 2022","18,025",Financials in USD,Fiscal year is January - December
SILO,quarterly,Q1 2022,"Mar '22 Mar 31, 2022","18,026",Financials in USD,Fiscal year is January - December
SILO,quarterly,Q4 2021,"Dec '21 Dec 31, 2021","18,026",Financials in USD,Fiscal year is January - December
SILO,quarterly,Q3 2021,"Sep '21 Sep 30, 2021","18,025",Financials in USD,Fiscal year is January - December
SILO,quarterly,Q2 2021,"Jun '21 Jun 30, 2021","18,026",Financials in USD,Fiscal year is January - December
SILO,quarterly,Q1 2021,"Mar '21 Mar 31, 2021","17,188",Financials in USD,Fiscal year is January - December
SILO,quarterly,Q4 2020,"Dec '20 Dec 31, 2020",-,Financials in USD,Fiscal year is January - December
SILO,quarterly,Q3 2020,"Sep '20 Sep 30, 2020",-,Financials in USD,Fiscal year is January - December
SILO,quarterly,Q2 2020,"Jun '20 Jun 30, 2020","2,216",Financials in USD,Fiscal year is January - December
SILO,quarterly,Q1 2020,"Mar '20 Mar 31, 2020",294,Financials in USD,Fiscal year is January - December
SILO,quarterly,Q4 2019,"Dec '19 Dec 31, 2019","40,301",Financials in USD,Fiscal year is January - December
SILO,quarterly,+20 Quarters,+20 Quarters,Upgrade,Financials in USD,Fiscal year is January - December
SILO,quarterly,Currency,,Financials in USD,Financials in USD,Fiscal year is January - December
SILO,quarterly,Fiscal_Year_period,,Fiscal year is January - December,Financials in USD,Fiscal year is January - December
SKVI,annual,TTM,"Sep '24 Sep 30, 2024","20,000",Financials in USD,Fiscal year is January - December
SKVI,annual,FY 2023,"Dec '23 Dec 31, 2023","20,000",Financials in USD,Fiscal year is January - December
SKVI,annual,FY 2022,"Dec '22 Dec 31, 2022","279,296",Financials in USD,Fiscal year is January - December
SKVI,annual,FY 2021,"Dec '21 Dec 31, 2021","663,426",Financials in USD,Fiscal year is January - December
SKVI,annual,FY 2020,"Dec '20 Dec 31, 2020","275,556",Financials in USD,Fiscal year is January - December
SKVI,annual,FY 2019,"Dec '19 Dec 31, 2019","43,166",Financials in USD,Fiscal year is January - December
SKVI,annual,2018 - 2014,2018 - 2014,Upgrade,Financials in USD,Fiscal year is January - December
SKVI,annual,Currency,,Financials in USD,Financials in USD,Fiscal year is January - December
SKVI,annual,Fiscal_Year_period,,Fiscal year is January - December,Financials in USD,Fiscal year is January - December
SKVI,quarterly,Q3 2024,"Sep '24 Sep 30, 2024","5,000",Financials in USD,Fiscal year is January - December
SKVI,quarterly,Q2 2024,"Jun '24 Jun 30, 2024","5,000",Financials in USD,Fiscal year is January - December
SKVI,quarterly,Q1 2024,"Mar '24 Mar 31, 2024","5,000",Financials in USD,Fiscal year is January - December
SKVI,quarterly,Q4 2023,"Dec '23 Dec 31, 2023","5,000",Financials in USD,Fiscal year is January - December
SKVI,quarterly,Q3 2023,"Sep '23 Sep 30, 2023","5,000",Financials in USD,Fiscal year is January - December
SKVI,quarterly,Q2 2023,"Jun '23 Jun 30, 2023","5,000",Financials in USD,Fiscal year is January - December
SKVI,quarterly,Q1 2023,"Mar '23 Mar 31, 2023","5,000",Financials in USD,Fiscal year is January - December
SKVI,quarterly,Q4 2022,"Dec '22 Dec 31, 2022","5,000",Financials in USD,Fiscal year is January - December
SKVI,quarterly,Q3 2022,"Sep '22 Sep 30, 2022","9,316",Financials in USD,Fiscal year is January - December
SKVI,quarterly,Q2 2022,"Jun '22 Jun 30, 2022","205,000",Financials in USD,Fiscal year is January - December
SKVI,quarterly,Q1 2022,"Mar '22 Mar 31, 2022","59,980",Financials in USD,Fiscal year is January - December
SKVI,quarterly,Q4 2021,"Dec '21 Dec 31, 2021","252,855",Financials in USD,Fiscal year is January - December
SKVI,quarterly,Q3 2021,"Sep '21 Sep 30, 2021","111,421",Financials in USD,Fiscal year is January - December
SKVI,quarterly,Q2 2021,"Jun '21 Jun 30, 2021","287,099",Financials in USD,Fiscal year is January - December
SKVI,quarterly,Q1 2021,"Mar '21 Mar 31, 2021","12,051",Financials in USD,Fiscal year is January - December
SKVI,quarterly,Q4 2020,"Dec '20 Dec 31, 2020","132,718",Financials in USD,Fiscal year is January - December
SKVI,quarterly,Q3 2020,"Sep '20 Sep 30, 2020","6,816",Financials in USD,Fiscal year is January - December
SKVI,quarterly,Q2 2020,"Jun '20 Jun 30, 2020","119,970",Financials in USD,Fiscal year is January - December
SKVI,quarterly,Q1 2020,"Mar '20 Mar 31, 2020","16,052",Financials in USD,Fiscal year is January - December
SKVI,quarterly,Q4 2019,"Dec '19 Dec 31, 2019","10,787",Financials in USD,Fiscal year is January - December
SKVI,quarterly,+20 Quarters,+20 Quarters,Upgrade,Financials in USD,Fiscal year is January - December
SKVI,quarterly,Currency,,Financials in USD,Financials in USD,Fiscal year is January - December
SKVI,quarterly,Fiscal_Year_period,,Fiscal year is January - December,Financials in USD,Fiscal year is January - December
SNNC,annual,TTM,"Nov '23 Nov 30, 2023",434,Financials in USD,Fiscal year is September - August
SNNC,annual,FY 2023,"Aug '23 Aug 31, 2023",434,Financials in USD,Fiscal year is September - August
SNNC,annual,FY 2022,"Aug '22 Aug 31, 2022","6,415",Financials in USD,Fiscal year is September - August
SNNC,annual,FY 2021,"Aug '21 Aug 31, 2021","157,311",Financials in USD,Fiscal year is September - August
SNNC,annual,FY 2020,"Aug '20 Aug 31, 2020","255,061",Financials in USD,Fiscal year is September - August
SNNC,annual,Currency,,Financials in USD,Financials in USD,Fiscal year is September - August
SNNC,annual,Fiscal_Year_period,,Fiscal year is September - August,Financials in USD,Fiscal year is September - August
SNNC,quarterly,Q1 2024,"Nov '23 Nov 30, 2023",-,Financials in USD,Fiscal year is September - August
SNNC,quarterly,Q1 2023,"Nov '22 Nov 30, 2022",-,Financials in USD,Fiscal year is September - August
SNNC,quarterly,Q1 2022,"Nov '21 Nov 30, 2021","1,692",Financials in USD,Fiscal year is September - August
SNNC,quarterly,Q1 2021,"Nov '20 Nov 30, 2020","65,623",Financials in USD,Fiscal year is September - August
SNNC,quarterly,Currency,,Financials in USD,Financials in USD,Fiscal year is September - August
SNNC,quarterly,Fiscal_Year_period,,Fiscal year is September - August,Financials in USD,Fiscal year is September - August
SNYR,annual,TTM,"Sep '24 Sep 30, 2024","37,781,229",Financials in USD,Fiscal year is January - December
SNYR,annual,FY 2023,"Dec '23 Dec 31, 2023","42,777,633",Financials in USD,Fiscal year is January - December
SNYR,annual,FY 2022,"Dec '22 Dec 31, 2022","38,410,674",Financials in USD,Fiscal year is January - December
SNYR,annual,FY 2020,"Dec '20 Dec 31, 2020","40,226,865",Financials in USD,Fiscal year is January - December
SNYR,annual,FY 2019,"Dec '19 Dec 31, 2019","29,357,546",Financials in USD,Fiscal year is January - December
SNYR,annual,FY 2018,"Dec '18 Dec 31, 2018","33,824,495",Financials in USD,Fiscal year is January - December
SNYR,annual,2017 - 2013,2017 - 2013,Upgrade,Financials in USD,Fiscal year is January - December
SNYR,annual,Currency,,Financials in USD,Financials in USD,Fiscal year is January - December
SNYR,annual,Fiscal_Year_period,,Fiscal year is January - December,Financials in USD,Fiscal year is January - December
SNYR,quarterly,Q3 2024,"Sep '24 Sep 30, 2024","7,126,333",Financials in USD,Fiscal year is January - December
SNYR,quarterly,Q2 2024,"Jun '24 Jun 30, 2024","8,024,840",Financials in USD,Fiscal year is January - December
SNYR,quarterly,Q1 2024,"Mar '24 Mar 31, 2024","9,411,863",Financials in USD,Fiscal year is January - December
SNYR,quarterly,Q3 2023,"Sep '23 Sep 30, 2023","10,805,735",Financials in USD,Fiscal year is January - December
SNYR,quarterly,Q2 2023,"Jun '23 Jun 30, 2023","10,791,539",Financials in USD,Fiscal year is January - December
SNYR,quarterly,Q1 2023,"Mar '23 Mar 31, 2023","7,962,166",Financials in USD,Fiscal year is January - December
SNYR,quarterly,Q3 2021,"Sep '21 Sep 30, 2021","11,796,332",Financials in USD,Fiscal year is January - December
SNYR,quarterly,Q2 2021,"Jun '21 Jun 30, 2021","12,380,987",Financials in USD,Fiscal year is January - December
SNYR,quarterly,Q1 2021,"Mar '21 Mar 31, 2021","12,380,987",Financials in USD,Fiscal year is January - December
SNYR,quarterly,Q4 2020,"Dec '20 Dec 31, 2020","10,080,837",Financials in USD,Fiscal year is January - December
SNYR,quarterly,Q3 2020,"Sep '20 Sep 30, 2020","12,248,779",Financials in USD,Fiscal year is January - December
SNYR,quarterly,Q2 2020,"Jun '20 Jun 30, 2020","11,789,481",Financials in USD,Fiscal year is January - December
SNYR,quarterly,Q1 2020,"Mar '20 Mar 31, 2020","6,117,286",Financials in USD,Fiscal year is January - December
SNYR,quarterly,Q4 2019,"Dec '19 Dec 31, 2019","6,187,324",Financials in USD,Fiscal year is January - December
SNYR,quarterly,Q3 2019,"Sep '19 Sep 30, 2019","7,364,546",Financials in USD,Fiscal year is January - December
SNYR,quarterly,Q2 2019,"Jun '19 Jun 30, 2019","6,336,721",Financials in USD,Fiscal year is January - December
SNYR,quarterly,Q1 2019,"Mar '19 Mar 31, 2019","9,468,955",Financials in USD,Fiscal year is January - December
SNYR,quarterly,Q4 2018,"Dec '18 Dec 31, 2018","5,204,545",Financials in USD,Fiscal year is January - December
SNYR,quarterly,Q3 2018,"Sep '18 Sep 30, 2018","9,190,377",Financials in USD,Fiscal year is January - December
SNYR,quarterly,Q2 2018,"Jun '18 Jun 30, 2018","9,728,712",Financials in USD,Fiscal year is January - December
SNYR,quarterly,+20 Quarters,+20 Quarters,Upgrade,Financials in USD,Fiscal year is January - December
SNYR,quarterly,Currency,,Financials in USD,Financials in USD,Fiscal year is January - December
SNYR,quarterly,Fiscal_Year_period,,Fiscal year is January - December,Financials in USD,Fiscal year is January - December
SQZB,annual,TTM,"Sep '23 Sep 30, 2023","12,121,000",Financials in USD,Fiscal year is January - December
SQZB,annual,FY 2022,"Dec '22 Dec 31, 2022","21,478,000",Financials in USD,Fiscal year is January - December
SQZB,annual,FY 2021,"Dec '21 Dec 31, 2021","27,098,000",Financials in USD,Fiscal year is January - December
SQZB,annual,FY 2020,"Dec '20 Dec 31, 2020","20,998,000",Financials in USD,Fiscal year is January - December
SQZB,annual,FY 2019,"Dec '19 Dec 31, 2019","20,109,000",Financials in USD,Fiscal year is January - December
SQZB,annual,FY 2018,"Dec '18 Dec 31, 2018","12,669,000",Financials in USD,Fiscal year is January - December
SQZB,annual,Currency,,Financials in USD,Financials in USD,Fiscal year is January - December
SQZB,annual,Fiscal_Year_period,,Fiscal year is January - December,Financials in USD,Fiscal year is January - December
SQZB,quarterly,Q3 2023,"Sep '23 Sep 30, 2023",-,Financials in USD,Fiscal year is January - December
SQZB,quarterly,Q2 2023,"Jun '23 Jun 30, 2023","178,000",Financials in USD,Fiscal year is January - December
SQZB,quarterly,Q1 2023,"Mar '23 Mar 31, 2023",-,Financials in USD,Fiscal year is January - December
SQZB,quarterly,Q4 2022,"Dec '22 Dec 31, 2022","11,943,000",Financials in USD,Fiscal year is January - December
SQZB,quarterly,Q3 2022,"Sep '22 Sep 30, 2022","3,452,000",Financials in USD,Fiscal year is January - December
SQZB,quarterly,Q2 2022,"Jun '22 Jun 30, 2022","3,215,000",Financials in USD,Fiscal year is January - December
SQZB,quarterly,Q1 2022,"Mar '22 Mar 31, 2022","2,869,000",Financials in USD,Fiscal year is January - December
SQZB,quarterly,Q4 2021,"Dec '21 Dec 31, 2021","12,350,000",Financials in USD,Fiscal year is January - December
SQZB,quarterly,Q3 2021,"Sep '21 Sep 30, 2021","4,755,000",Financials in USD,Fiscal year is January - December
SQZB,quarterly,Q2 2021,"Jun '21 Jun 30, 2021","4,539,000",Financials in USD,Fiscal year is January - December
SQZB,quarterly,Q1 2021,"Mar '21 Mar 31, 2021","5,454,000",Financials in USD,Fiscal year is January - December
SQZB,quarterly,Q4 2020,"Dec '20 Dec 31, 2020","2,487,000",Financials in USD,Fiscal year is January - December
SQZB,quarterly,Q3 2020,"Sep '20 Sep 30, 2020","6,121,000",Financials in USD,Fiscal year is January - December
SQZB,quarterly,Q2 2020,"Jun '20 Jun 30, 2020","5,980,000",Financials in USD,Fiscal year is January - December
SQZB,quarterly,Q1 2020,"Mar '20 Mar 31, 2020","6,410,000",Financials in USD,Fiscal year is January - December
SQZB,quarterly,Q4 2019,"Dec '19 Dec 31, 2019","6,243,000",Financials in USD,Fiscal year is January - December
SQZB,quarterly,Q3 2019,"Sep '19 Sep 30, 2019","4,181,000",Financials in USD,Fiscal year is January - December
SQZB,quarterly,Q2 2019,"Jun '19 Jun 30, 2019","4,505,000",Financials in USD,Fiscal year is January - December
SQZB,quarterly,Q1 2019,"Mar '19 Mar 31, 2019","5,179,000",Financials in USD,Fiscal year is January - December
SQZB,quarterly,Currency,,Financials in USD,Financials in USD,Fiscal year is January - December
SQZB,quarterly,Fiscal_Year_period,,Fiscal year is January - December,Financials in USD,Fiscal year is January - December
SRNE,annual,TTM,"Jun '23 Jun 30, 2023","64,270,000",Financials in USD,Fiscal year is January - December
SRNE,annual,FY 2022,"Dec '22 Dec 31, 2022","62,839,000",Financials in USD,Fiscal year is January - December
SRNE,annual,FY 2021,"Dec '21 Dec 31, 2021","52,904,000",Financials in USD,Fiscal year is January - December
SRNE,annual,FY 2020,"Dec '20 Dec 31, 2020","39,986,000",Financials in USD,Fiscal year is January - December
SRNE,annual,FY 2019,"Dec '19 Dec 31, 2019","31,432,000",Financials in USD,Fiscal year is January - December
SRNE,annual,FY 2018,"Dec '18 Dec 31, 2018","21,193,000",Financials in USD,Fiscal year is January - December
SRNE,annual,2017 - 2013,2017 - 2013,Upgrade,Financials in USD,Fiscal year is January - December
SRNE,annual,Currency,,Financials in USD,Financials in USD,Fiscal year is January - December
SRNE,annual,Fiscal_Year_period,,Fiscal year is January - December,Financials in USD,Fiscal year is January - December
SRNE,quarterly,Q2 2023,"Jun '23 Jun 30, 2023","15,025,000",Financials in USD,Fiscal year is January - December
SRNE,quarterly,Q1 2023,"Mar '23 Mar 31, 2023","16,251,000",Financials in USD,Fiscal year is January - December
SRNE,quarterly,Q4 2022,"Dec '22 Dec 31, 2022","15,594,000",Financials in USD,Fiscal year is January - December
SRNE,quarterly,Q3 2022,"Sep '22 Sep 30, 2022","17,400,000",Financials in USD,Fiscal year is January - December
SRNE,quarterly,Q2 2022,"Jun '22 Jun 30, 2022","11,461,000",Financials in USD,Fiscal year is January - December
SRNE,quarterly,Q1 2022,"Mar '22 Mar 31, 2022","18,385,000",Financials in USD,Fiscal year is January - December
SRNE,quarterly,Q4 2021,"Dec '21 Dec 31, 2021","13,076,000",Financials in USD,Fiscal year is January - December
SRNE,quarterly,Q3 2021,"Sep '21 Sep 30, 2021","12,062,000",Financials in USD,Fiscal year is January - December
SRNE,quarterly,Q2 2021,"Jun '21 Jun 30, 2021","13,511,000",Financials in USD,Fiscal year is January - December
SRNE,quarterly,Q1 2021,"Mar '21 Mar 31, 2021","14,255,000",Financials in USD,Fiscal year is January - December
SRNE,quarterly,Q4 2020,"Dec '20 Dec 31, 2020","11,505,000",Financials in USD,Fiscal year is January - December
SRNE,quarterly,Q3 2020,"Sep '20 Sep 30, 2020","11,753,000",Financials in USD,Fiscal year is January - December
SRNE,quarterly,Q2 2020,"Jun '20 Jun 30, 2020","9,007,000",Financials in USD,Fiscal year is January - December
SRNE,quarterly,Q1 2020,"Mar '20 Mar 31, 2020","7,721,000",Financials in USD,Fiscal year is January - December
SRNE,quarterly,Q4 2019,"Dec '19 Dec 31, 2019","13,034,000",Financials in USD,Fiscal year is January - December
SRNE,quarterly,Q3 2019,"Sep '19 Sep 30, 2019","5,778,000",Financials in USD,Fiscal year is January - December
SRNE,quarterly,Q2 2019,"Jun '19 Jun 30, 2019","6,477,000",Financials in USD,Fiscal year is January - December
SRNE,quarterly,Q1 2019,"Mar '19 Mar 31, 2019","6,143,000",Financials in USD,Fiscal year is January - December
SRNE,quarterly,Q4 2018,"Dec '18 Dec 31, 2018","6,929,000",Financials in USD,Fiscal year is January - December
SRNE,quarterly,Q3 2018,"Sep '18 Sep 30, 2018","4,105,000",Financials in USD,Fiscal year is January - December
SRNE,quarterly,+20 Quarters,+20 Quarters,Upgrade,Financials in USD,Fiscal year is January - December
SRNE,quarterly,Currency,,Financials in USD,Financials in USD,Fiscal year is January - December
SRNE,quarterly,Fiscal_Year_period,,Fiscal year is January - December,Financials in USD,Fiscal year is January - December
STAB,annual,TTM,"Sep '22 Sep 30, 2022","3,687,656",Financials in USD,Fiscal year is January - December
STAB,annual,FY 2021,"Dec '21 Dec 31, 2021","1,487,036",Financials in USD,Fiscal year is January - December
STAB,annual,FY 2020,"Dec '20 Dec 31, 2020",-,Financials in USD,Fiscal year is January - December
STAB,annual,FY 2019,"Dec '19 Dec 31, 2019",-,Financials in USD,Fiscal year is January - December
STAB,annual,FY 2018,"Dec '18 Dec 31, 2018",-,Financials in USD,Fiscal year is January - December
STAB,annual,Currency,,Financials in USD,Financials in USD,Fiscal year is January - December
STAB,annual,Fiscal_Year_period,,Fiscal year is January - December,Financials in USD,Fiscal year is January - December
STAB,quarterly,Q3 2022,"Sep '22 Sep 30, 2022","670,473",Financials in USD,Fiscal year is January - December
STAB,quarterly,Q2 2022,"Jun '22 Jun 30, 2022","768,827",Financials in USD,Fiscal year is January - December
STAB,quarterly,Q1 2022,"Mar '22 Mar 31, 2022","997,839",Financials in USD,Fiscal year is January - December
STAB,quarterly,Q4 2021,"Dec '21 Dec 31, 2021",-,Financials in USD,Fiscal year is January - December
STAB,quarterly,Q3 2021,"Sep '21 Sep 30, 2021","236,519",Financials in USD,Fiscal year is January - December
STAB,quarterly,Q2 2021,"Jun '21 Jun 30, 2021",-,Financials in USD,Fiscal year is January - December
STAB,quarterly,Q1 2021,"Mar '21 Mar 31, 2021",-,Financials in USD,Fiscal year is January - December
STAB,quarterly,Q4 2020,"Dec '20 Dec 31, 2020",-,Financials in USD,Fiscal year is January - December
STAB,quarterly,Q3 2020,"Sep '20 Sep 30, 2020",-,Financials in USD,Fiscal year is January - December
STAB,quarterly,Q2 2020,"Jun '20 Jun 30, 2020",-,Financials in USD,Fiscal year is January - December
STAB,quarterly,Q1 2020,"Mar '20 Mar 31, 2020",-,Financials in USD,Fiscal year is January - December
STAB,quarterly,Q4 2019,"Dec '19 Dec 31, 2019",-,Financials in USD,Fiscal year is January - December
STAB,quarterly,Currency,,Financials in USD,Financials in USD,Fiscal year is January - December
STAB,quarterly,Fiscal_Year_period,,Fiscal year is January - December,Financials in USD,Fiscal year is January - December
TCNNF,annual,TTM,"Sep '24 Sep 30, 2024","1,172,319,000",Financials in USD,Fiscal year is January - December
TCNNF,annual,FY 2023,"Dec '23 Dec 31, 2023","1,129,193,000",Financials in USD,Fiscal year is January - December
TCNNF,annual,FY 2022,"Dec '22 Dec 31, 2022","1,218,229,000",Financials in USD,Fiscal year is January - December
TCNNF,annual,FY 2021,"Dec '21 Dec 31, 2021","931,934,000",Financials in USD,Fiscal year is January - December
TCNNF,annual,FY 2020,"Dec '20 Dec 31, 2020","521,533,000",Financials in USD,Fiscal year is January - December
TCNNF,annual,FY 2019,"Dec '19 Dec 31, 2019","252,819,000",Financials in USD,Fiscal year is January - December
TCNNF,annual,2018 - 2016,2018 - 2016,Upgrade,Financials in USD,Fiscal year is January - December
TCNNF,annual,Currency,,Financials in USD,Financials in USD,Fiscal year is January - December
TCNNF,annual,Fiscal_Year_period,,Fiscal year is January - December,Financials in USD,Fiscal year is January - December
TCNNF,quarterly,Q3 2024,"Sep '24 Sep 30, 2024","284,284,000",Financials in USD,Fiscal year is January - December
TCNNF,quarterly,Q2 2024,"Jun '24 Jun 30, 2024","303,442,000",Financials in USD,Fiscal year is January - December
TCNNF,quarterly,Q1 2024,"Mar '24 Mar 31, 2024","297,619,000",Financials in USD,Fiscal year is January - December
TCNNF,quarterly,Q4 2023,"Dec '23 Dec 31, 2023","286,974,000",Financials in USD,Fiscal year is January - December
TCNNF,quarterly,Q3 2023,"Sep '23 Sep 30, 2023","275,210,000",Financials in USD,Fiscal year is January - December
TCNNF,quarterly,Q2 2023,"Jun '23 Jun 30, 2023","281,795,000",Financials in USD,Fiscal year is January - December
TCNNF,quarterly,Q1 2023,"Mar '23 Mar 31, 2023","285,214,000",Financials in USD,Fiscal year is January - December
TCNNF,quarterly,Q4 2022,"Dec '22 Dec 31, 2022","298,476,000",Financials in USD,Fiscal year is January - December
TCNNF,quarterly,Q3 2022,"Sep '22 Sep 30, 2022","295,353,000",Financials in USD,Fiscal year is January - December
TCNNF,quarterly,Q2 2022,"Jun '22 Jun 30, 2022","313,839,000",Financials in USD,Fiscal year is January - December
TCNNF,quarterly,Q1 2022,"Mar '22 Mar 31, 2022","310,561,000",Financials in USD,Fiscal year is January - December
TCNNF,quarterly,Q4 2021,"Dec '21 Dec 31, 2021",-,Financials in USD,Fiscal year is January - December
TCNNF,quarterly,Q3 2021,"Sep '21 Sep 30, 2021","224,092,000",Financials in USD,Fiscal year is January - December
TCNNF,quarterly,Q2 2021,"Jun '21 Jun 30, 2021","215,122,000",Financials in USD,Fiscal year is January - December
TCNNF,quarterly,Q1 2021,"Mar '21 Mar 31, 2021","193,823,000",Financials in USD,Fiscal year is January - December
TCNNF,quarterly,Q4 2020,"Dec '20 Dec 31, 2020","168,437,000",Financials in USD,Fiscal year is January - December
TCNNF,quarterly,Q3 2020,"Sep '20 Sep 30, 2020","136,274,000",Financials in USD,Fiscal year is January - December
TCNNF,quarterly,Q2 2020,"Jun '20 Jun 30, 2020","120,765,000",Financials in USD,Fiscal year is January - December
TCNNF,quarterly,Q1 2020,"Mar '20 Mar 31, 2020","96,057,000",Financials in USD,Fiscal year is January - December
TCNNF,quarterly,Q4 2019,"Dec '19 Dec 31, 2019","79,692,564",Financials in USD,Fiscal year is January - December
TCNNF,quarterly,+11 Quarters,+11 Quarters,Upgrade,Financials in USD,Fiscal year is January - December
TCNNF,quarterly,Currency,,Financials in USD,Financials in USD,Fiscal year is January - December
TCNNF,quarterly,Fiscal_Year_period,,Fiscal year is January - December,Financials in USD,Fiscal year is January - December
THER,annual,TTM,"Dec '23 Dec 31, 2023","635,450",Financials in USD,Fiscal year is October - September
THER,annual,FY 2023,"Sep '23 Sep 30, 2023","606,796",Financials in USD,Fiscal year is October - September
THER,annual,FY 2022,"Sep '22 Sep 30, 2022","567,905",Financials in USD,Fiscal year is October - September
THER,annual,FY 2021,"Sep '21 Sep 30, 2021","505,604",Financials in USD,Fiscal year is October - September
THER,annual,FY 2020,"Sep '20 Sep 30, 2020","181,229",Financials in USD,Fiscal year is October - September
THER,annual,FY 2019,"Dec '19 Dec 31, 2019",-,Financials in USD,Fiscal year is October - September
THER,annual,2018 - 2014,2018 - 2014,Upgrade,Financials in USD,Fiscal year is October - September
THER,annual,Currency,,Financials in USD,Financials in USD,Fiscal year is October - September
THER,annual,Fiscal_Year_period,,Fiscal year is October - September,Financials in USD,Fiscal year is October - September
THER,quarterly,Q1 2024,"Dec '23 Dec 31, 2023","83,949",Financials in USD,Fiscal year is October - September
THER,quarterly,Q4 2023,"Sep '23 Sep 30, 2023","179,267",Financials in USD,Fiscal year is October - September
THER,quarterly,Q3 2023,"Jun '23 Jun 30, 2023","202,447",Financials in USD,Fiscal year is October - September
THER,quarterly,Q2 2023,"Mar '23 Mar 31, 2023","169,787",Financials in USD,Fiscal year is October - September
THER,quarterly,Q1 2023,"Dec '22 Dec 31, 2022","55,295",Financials in USD,Fiscal year is October - September
THER,quarterly,Q4 2022,"Sep '22 Sep 30, 2022","305,217",Financials in USD,Fiscal year is October - September
THER,quarterly,Q3 2022,"Jun '22 Jun 30, 2022","164,213",Financials in USD,Fiscal year is October - September
THER,quarterly,Q2 2022,"Mar '22 Mar 31, 2022","19,500",Financials in USD,Fiscal year is October - September
THER,quarterly,Q1 2022,"Dec '21 Dec 31, 2021","78,975",Financials in USD,Fiscal year is October - September
THER,quarterly,Q4 2021,"Sep '21 Sep 30, 2021","90,575",Financials in USD,Fiscal year is October - September
THER,quarterly,Q3 2021,"Jun '21 Jun 30, 2021","278,925",Financials in USD,Fiscal year is October - September
THER,quarterly,Q2 2021,"Mar '21 Mar 31, 2021","126,314",Financials in USD,Fiscal year is October - September
THER,quarterly,Q1 2021,"Dec '20 Dec 31, 2020","9,790",Financials in USD,Fiscal year is October - September
THER,quarterly,Q4 2020,"Sep '20 Sep 30, 2020","105,333",Financials in USD,Fiscal year is October - September
THER,quarterly,Q3 2020,"Jun '20 Jun 30, 2020","24,886",Financials in USD,Fiscal year is October - September
THER,quarterly,Q2 2020,"Mar '20 Mar 31, 2020","51,010",Financials in USD,Fiscal year is October - September
THER,quarterly,Q1 2020,"Dec '19 Dec 31, 2019",-,Financials in USD,Fiscal year is October - September
THER,quarterly,Q3 2019,"Sep '19 Sep 30, 2019",-,Financials in USD,Fiscal year is October - September
THER,quarterly,Q2 2019,"Jun '19 Jun 30, 2019",-,Financials in USD,Fiscal year is October - September
THER,quarterly,Q1 2019,"Mar '19 Mar 31, 2019",-,Financials in USD,Fiscal year is October - September
THER,quarterly,+20 Quarters,+20 Quarters,Upgrade,Financials in USD,Fiscal year is October - September
THER,quarterly,Currency,,Financials in USD,Financials in USD,Fiscal year is October - September
THER,quarterly,Fiscal_Year_period,,Fiscal year is October - September,Financials in USD,Fiscal year is October - September
TLCC,annual,TTM,"Jun '24 Jun 30, 2024","12,708,000",Financials in USD,Fiscal year is January - December
TLCC,annual,FY 2023,"Dec '23 Dec 31, 2023","13,617,000",Financials in USD,Fiscal year is January - December
TLCC,annual,FY 2022,"Dec '22 Dec 31, 2022","17,208,000",Financials in USD,Fiscal year is January - December
TLCC,annual,FY 2021,"Dec '21 Dec 31, 2021","72,089,000",Financials in USD,Fiscal year is January - December
TLCC,annual,FY 2020,"Dec '20 Dec 31, 2020","66,349,000",Financials in USD,Fiscal year is January - December
TLCC,annual,FY 2019,"Dec '19 Dec 31, 2019","73,460,000",Financials in USD,Fiscal year is January - December
TLCC,annual,2018 - 2014,2018 - 2014,Upgrade,Financials in USD,Fiscal year is January - December
TLCC,annual,Currency,,Financials in USD,Financials in USD,Fiscal year is January - December
TLCC,annual,Fiscal_Year_period,,Fiscal year is January - December,Financials in USD,Fiscal year is January - December
TLCC,quarterly,Q2 2024,"Jun '24 Jun 30, 2024","3,118,000",Financials in USD,Fiscal year is January - December
TLCC,quarterly,Q1 2024,"Mar '24 Mar 31, 2024","2,769,000",Financials in USD,Fiscal year is January - December
TLCC,quarterly,Q4 2023,"Dec '23 Dec 31, 2023","3,144,000",Financials in USD,Fiscal year is January - December
TLCC,quarterly,Q3 2023,"Sep '23 Sep 30, 2023","3,676,000",Financials in USD,Fiscal year is January - December
TLCC,quarterly,Q2 2023,"Jun '23 Jun 30, 2023","3,058,000",Financials in USD,Fiscal year is January - December
TLCC,quarterly,Q1 2023,"Mar '23 Mar 31, 2023","3,739,000",Financials in USD,Fiscal year is January - December
TLCC,quarterly,Q4 2022,"Dec '22 Dec 31, 2022",-,Financials in USD,Fiscal year is January - December
TLCC,quarterly,Q3 2022,"Sep '22 Sep 30, 2022","4,597,000",Financials in USD,Fiscal year is January - December
TLCC,quarterly,Q2 2022,"Jun '22 Jun 30, 2022",-,Financials in USD,Fiscal year is January - December
TLCC,quarterly,Q1 2022,"Mar '22 Mar 31, 2022","13,251,000",Financials in USD,Fiscal year is January - December
TLCC,quarterly,Q4 2021,"Dec '21 Dec 31, 2021","16,248,000",Financials in USD,Fiscal year is January - December
TLCC,quarterly,Q3 2021,"Sep '21 Sep 30, 2021","18,272,000",Financials in USD,Fiscal year is January - December
TLCC,quarterly,Q2 2021,"Jun '21 Jun 30, 2021","18,109,000",Financials in USD,Fiscal year is January - December
TLCC,quarterly,Q1 2021,"Mar '21 Mar 31, 2021","19,460,000",Financials in USD,Fiscal year is January - December
TLCC,quarterly,Q4 2020,"Dec '20 Dec 31, 2020","19,337,000",Financials in USD,Fiscal year is January - December
TLCC,quarterly,Q3 2020,"Sep '20 Sep 30, 2020","18,371,000",Financials in USD,Fiscal year is January - December
TLCC,quarterly,Q2 2020,"Jun '20 Jun 30, 2020","12,212,000",Financials in USD,Fiscal year is January - December
TLCC,quarterly,Q1 2020,"Mar '20 Mar 31, 2020","16,429,000",Financials in USD,Fiscal year is January - December
TLCC,quarterly,Q4 2019,"Dec '19 Dec 31, 2019","15,902,000",Financials in USD,Fiscal year is January - December
TLCC,quarterly,Q3 2019,"Sep '19 Sep 30, 2019","19,851,000",Financials in USD,Fiscal year is January - December
TLCC,quarterly,+20 Quarters,+20 Quarters,Upgrade,Financials in USD,Fiscal year is January - December
TLCC,quarterly,Currency,,Financials in USD,Financials in USD,Fiscal year is January - December
TLCC,quarterly,Fiscal_Year_period,,Fiscal year is January - December,Financials in USD,Fiscal year is January - December
VAXX,annual,TTM,"Dec '23 Dec 31, 2023",-,Financials in USD,Fiscal year is January - December
VAXX,annual,FY 2023,"Dec '23 Dec 31, 2023",-,Financials in USD,Fiscal year is January - December
VAXX,annual,FY 2022,"Dec '22 Dec 31, 2022",-,Financials in USD,Fiscal year is January - December
VAXX,annual,FY 2021,"Dec '21 Dec 31, 2021","66,000",Financials in USD,Fiscal year is January - December
VAXX,annual,FY 2020,"Dec '20 Dec 31, 2020","557,000",Financials in USD,Fiscal year is January - December
VAXX,annual,FY 2019,"Dec '19 Dec 31, 2019",-,Financials in USD,Fiscal year is January - December
VAXX,annual,Currency,,Financials in USD,Financials in USD,Fiscal year is January - December
VAXX,annual,Fiscal_Year_period,,Fiscal year is January - December,Financials in USD,Fiscal year is January - December
VAXX,quarterly,Q4 2023,"Dec '23 Dec 31, 2023",-,Financials in USD,Fiscal year is January - December
VAXX,quarterly,Q3 2023,"Sep '23 Sep 30, 2023",-,Financials in USD,Fiscal year is January - December
VAXX,quarterly,Q2 2023,"Jun '23 Jun 30, 2023",-,Financials in USD,Fiscal year is January - December
VAXX,quarterly,Q1 2023,"Mar '23 Mar 31, 2023",-,Financials in USD,Fiscal year is January - December
VAXX,quarterly,Q4 2022,"Dec '22 Dec 31, 2022",-,Financials in USD,Fiscal year is January - December
VAXX,quarterly,Q3 2022,"Sep '22 Sep 30, 2022",-,Financials in USD,Fiscal year is January - December
VAXX,quarterly,Q2 2022,"Jun '22 Jun 30, 2022",-,Financials in USD,Fiscal year is January - December
VAXX,quarterly,Q1 2022,"Mar '22 Mar 31, 2022",-,Financials in USD,Fiscal year is January - December
VAXX,quarterly,Q4 2021,"Dec '21 Dec 31, 2021","-1,000",Financials in USD,Fiscal year is January - December
VAXX,quarterly,Q3 2021,"Sep '21 Sep 30, 2021","50,000",Financials in USD,Fiscal year is January - December
VAXX,quarterly,Q2 2021,"Jun '21 Jun 30, 2021",-,Financials in USD,Fiscal year is January - December
VAXX,quarterly,Q1 2021,"Mar '21 Mar 31, 2021","17,000",Financials in USD,Fiscal year is January - December
VAXX,quarterly,Q4 2020,"Dec '20 Dec 31, 2020",-,Financials in USD,Fiscal year is January - December
VAXX,quarterly,Q3 2020,"Sep '20 Sep 30, 2020","117,000",Financials in USD,Fiscal year is January - December
VAXX,quarterly,Q2 2020,"Jun '20 Jun 30, 2020","440,000",Financials in USD,Fiscal year is January - December
VAXX,quarterly,Q1 2020,"Mar '20 Mar 31, 2020",-,Financials in USD,Fiscal year is January - December
VAXX,quarterly,Currency,,Financials in USD,Financials in USD,Fiscal year is January - December
VAXX,quarterly,Fiscal_Year_period,,Fiscal year is January - December,Financials in USD,Fiscal year is January - December
VBIVQ,annual,TTM,"Mar '24 Mar 31, 2024","9,411,000",Financials in USD,Fiscal year is January - December
VBIVQ,annual,FY 2023,"Dec '23 Dec 31, 2023","8,682,000",Financials in USD,Fiscal year is January - December
VBIVQ,annual,FY 2022,"Dec '22 Dec 31, 2022","1,082,000",Financials in USD,Fiscal year is January - December
VBIVQ,annual,FY 2021,"Dec '21 Dec 31, 2021","631,000",Financials in USD,Fiscal year is January - December
VBIVQ,annual,FY 2020,"Dec '20 Dec 31, 2020","1,061,000",Financials in USD,Fiscal year is January - December
VBIVQ,annual,FY 2019,"Dec '19 Dec 31, 2019","2,221,000",Financials in USD,Fiscal year is January - December
VBIVQ,annual,2018 - 2014,2018 - 2014,Upgrade,Financials in USD,Fiscal year is January - December
VBIVQ,annual,Currency,,Financials in USD,Financials in USD,Fiscal year is January - December
VBIVQ,annual,Fiscal_Year_period,,Fiscal year is January - December,Financials in USD,Fiscal year is January - December
VBIVQ,quarterly,Q1 2024,"Mar '24 Mar 31, 2024","1,214,000",Financials in USD,Fiscal year is January - December
VBIVQ,quarterly,Q4 2023,"Dec '23 Dec 31, 2023","853,000",Financials in USD,Fiscal year is January - December
VBIVQ,quarterly,Q3 2023,"Sep '23 Sep 30, 2023","6,624,000",Financials in USD,Fiscal year is January - December
VBIVQ,quarterly,Q2 2023,"Jun '23 Jun 30, 2023","720,000",Financials in USD,Fiscal year is January - December
VBIVQ,quarterly,Q1 2023,"Mar '23 Mar 31, 2023","485,000",Financials in USD,Fiscal year is January - December
VBIVQ,quarterly,Q4 2022,"Dec '22 Dec 31, 2022","293,000",Financials in USD,Fiscal year is January - December
VBIVQ,quarterly,Q3 2022,"Sep '22 Sep 30, 2022","317,000",Financials in USD,Fiscal year is January - December
VBIVQ,quarterly,Q2 2022,"Jun '22 Jun 30, 2022","346,000",Financials in USD,Fiscal year is January - December
VBIVQ,quarterly,Q1 2022,"Mar '22 Mar 31, 2022","126,000",Financials in USD,Fiscal year is January - December
VBIVQ,quarterly,Q4 2021,"Dec '21 Dec 31, 2021","81,000",Financials in USD,Fiscal year is January - December
VBIVQ,quarterly,Q3 2021,"Sep '21 Sep 30, 2021","107,000",Financials in USD,Fiscal year is January - December
VBIVQ,quarterly,Q2 2021,"Jun '21 Jun 30, 2021","142,000",Financials in USD,Fiscal year is January - December
VBIVQ,quarterly,Q1 2021,"Mar '21 Mar 31, 2021","301,000",Financials in USD,Fiscal year is January - December
VBIVQ,quarterly,Q4 2020,"Dec '20 Dec 31, 2020","164,000",Financials in USD,Fiscal year is January - December
VBIVQ,quarterly,Q3 2020,"Sep '20 Sep 30, 2020","298,000",Financials in USD,Fiscal year is January - December
VBIVQ,quarterly,Q2 2020,"Jun '20 Jun 30, 2020","184,000",Financials in USD,Fiscal year is January - December
VBIVQ,quarterly,Q1 2020,"Mar '20 Mar 31, 2020","415,000",Financials in USD,Fiscal year is January - December
VBIVQ,quarterly,Q4 2019,"Dec '19 Dec 31, 2019","574,000",Financials in USD,Fiscal year is January - December
VBIVQ,quarterly,Q3 2019,"Sep '19 Sep 30, 2019","647,000",Financials in USD,Fiscal year is January - December
VBIVQ,quarterly,Q2 2019,"Jun '19 Jun 30, 2019","640,000",Financials in USD,Fiscal year is January - December
VBIVQ,quarterly,+20 Quarters,+20 Quarters,Upgrade,Financials in USD,Fiscal year is January - December
VBIVQ,quarterly,Currency,,Financials in USD,Financials in USD,Fiscal year is January - December
VBIVQ,quarterly,Fiscal_Year_period,,Fiscal year is January - December,Financials in USD,Fiscal year is January - December
VREOF,annual,TTM,"Sep '24 Sep 30, 2024","98,533,943",Financials in USD,Fiscal year is January - December
VREOF,annual,FY 2023,"Dec '23 Dec 31, 2023","88,133,163",Financials in USD,Fiscal year is January - December
VREOF,annual,FY 2022,"Dec '22 Dec 31, 2022","74,625,867",Financials in USD,Fiscal year is January - December
VREOF,annual,FY 2021,"Dec '21 Dec 31, 2021","54,446,168",Financials in USD,Fiscal year is January - December
VREOF,annual,FY 2020,"Dec '20 Dec 31, 2020","49,211,329",Financials in USD,Fiscal year is January - December
VREOF,annual,FY 2019,"Dec '19 Dec 31, 2019","29,956,172",Financials in USD,Fiscal year is January - December
VREOF,annual,2018 - 2016,2018 - 2016,Upgrade,Financials in USD,Fiscal year is January - December
VREOF,annual,Currency,,Financials in USD,Financials in USD,Fiscal year is January - December
VREOF,annual,Fiscal_Year_period,,Fiscal year is January - December,Financials in USD,Fiscal year is January - December
VREOF,quarterly,Q3 2024,"Sep '24 Sep 30, 2024","25,165,343",Financials in USD,Fiscal year is January - December
VREOF,quarterly,Q2 2024,"Jun '24 Jun 30, 2024","25,108,247",Financials in USD,Fiscal year is January - December
VREOF,quarterly,Q1 2024,"Mar '24 Mar 31, 2024","24,087,315",Financials in USD,Fiscal year is January - December
VREOF,quarterly,Q4 2023,"Dec '23 Dec 31, 2023","24,173,038",Financials in USD,Fiscal year is January - December
VREOF,quarterly,Q3 2023,"Sep '23 Sep 30, 2023","24,675,145",Financials in USD,Fiscal year is January - December
VREOF,quarterly,Q2 2023,"Jun '23 Jun 30, 2023","20,196,556",Financials in USD,Fiscal year is January - December
VREOF,quarterly,Q1 2023,"Mar '23 Mar 31, 2023","19,088,423",Financials in USD,Fiscal year is January - December
VREOF,quarterly,Q4 2022,"Dec '22 Dec 31, 2022","19,043,046",Financials in USD,Fiscal year is January - December
VREOF,quarterly,Q3 2022,"Sep '22 Sep 30, 2022","18,854,101",Financials in USD,Fiscal year is January - December
VREOF,quarterly,Q2 2022,"Jun '22 Jun 30, 2022","21,090,148",Financials in USD,Fiscal year is January - December
VREOF,quarterly,Q1 2022,"Mar '22 Mar 31, 2022","15,638,572",Financials in USD,Fiscal year is January - December
VREOF,quarterly,Q4 2021,"Dec '21 Dec 31, 2021","13,655,947",Financials in USD,Fiscal year is January - December
VREOF,quarterly,Q3 2021,"Sep '21 Sep 30, 2021","13,369,432",Financials in USD,Fiscal year is January - December
VREOF,quarterly,Q2 2021,"Jun '21 Jun 30, 2021","14,230,900",Financials in USD,Fiscal year is January - December
VREOF,quarterly,Q1 2021,"Mar '21 Mar 31, 2021","13,189,889",Financials in USD,Fiscal year is January - December
VREOF,quarterly,Q4 2020,"Dec '20 Dec 31, 2020","12,401,615",Financials in USD,Fiscal year is January - December
VREOF,quarterly,Q3 2020,"Sep '20 Sep 30, 2020","12,475,782",Financials in USD,Fiscal year is January - December
VREOF,quarterly,Q2 2020,"Jun '20 Jun 30, 2020","12,215,365",Financials in USD,Fiscal year is January - December
VREOF,quarterly,Q1 2020,"Mar '20 Mar 31, 2020","12,118,567",Financials in USD,Fiscal year is January - December
VREOF,quarterly,Q4 2019,"Dec '19 Dec 31, 2019","10,882,874",Financials in USD,Fiscal year is January - December
VREOF,quarterly,+9 Quarters,+9 Quarters,Upgrade,Financials in USD,Fiscal year is January - December
VREOF,quarterly,Currency,,Financials in USD,Financials in USD,Fiscal year is January - December
VREOF,quarterly,Fiscal_Year_period,,Fiscal year is January - December,Financials in USD,Fiscal year is January - December
WCUI,annual,TTM,"Jun '22 Jun 30, 2022","391,235",Financials in USD,Fiscal year is October - September
WCUI,annual,FY 2021,"Sep '21 Sep 30, 2021","239,962",Financials in USD,Fiscal year is October - September
WCUI,annual,FY 2020,"Sep '20 Sep 30, 2020","5,000",Financials in USD,Fiscal year is October - September
WCUI,annual,FY 2019,"Sep '19 Sep 30, 2019","33,375",Financials in USD,Fiscal year is October - September
WCUI,annual,FY 2018,"Sep '18 Sep 30, 2018","213,723",Financials in USD,Fiscal year is October - September
WCUI,annual,FY 2017,"Sep '17 Sep 30, 2017","272,724",Financials in USD,Fiscal year is October - September
WCUI,annual,2016 - 2012,2016 - 2012,Upgrade,Financials in USD,Fiscal year is October - September
WCUI,annual,Currency,,Financials in USD,Financials in USD,Fiscal year is October - September
WCUI,annual,Fiscal_Year_period,,Fiscal year is October - September,Financials in USD,Fiscal year is October - September
WCUI,quarterly,Q3 2022,"Jun '22 Jun 30, 2022","107,500",Financials in USD,Fiscal year is October - September
WCUI,quarterly,Q2 2022,"Mar '22 Mar 31, 2022","99,990",Financials in USD,Fiscal year is October - September
WCUI,quarterly,Q1 2022,"Dec '21 Dec 31, 2021","164,552",Financials in USD,Fiscal year is October - September
WCUI,quarterly,Q4 2021,"Sep '21 Sep 30, 2021","19,193",Financials in USD,Fiscal year is October - September
WCUI,quarterly,Q3 2021,"Jun '21 Jun 30, 2021","78,620",Financials in USD,Fiscal year is October - September
WCUI,quarterly,Q2 2021,"Mar '21 Mar 31, 2021","51,650",Financials in USD,Fiscal year is October - September
WCUI,quarterly,Q1 2021,"Dec '20 Dec 31, 2020","90,499",Financials in USD,Fiscal year is October - September
WCUI,quarterly,Q4 2020,"Sep '20 Sep 30, 2020",-,Financials in USD,Fiscal year is October - September
WCUI,quarterly,Q3 2020,"Jun '20 Jun 30, 2020",-,Financials in USD,Fiscal year is October - September
WCUI,quarterly,Q2 2020,"Mar '20 Mar 31, 2020","5,000",Financials in USD,Fiscal year is October - September
WCUI,quarterly,Q1 2020,"Dec '19 Dec 31, 2019",-,Financials in USD,Fiscal year is October - September
WCUI,quarterly,Q4 2019,"Sep '19 Sep 30, 2019",-,Financials in USD,Fiscal year is October - September
WCUI,quarterly,Q3 2019,"Jun '19 Jun 30, 2019","7,625",Financials in USD,Fiscal year is October - September
WCUI,quarterly,Q2 2019,"Mar '19 Mar 31, 2019","12,875",Financials in USD,Fiscal year is October - September
WCUI,quarterly,Q1 2019,"Dec '18 Dec 31, 2018","12,875",Financials in USD,Fiscal year is October - September
WCUI,quarterly,Q4 2018,"Sep '18 Sep 30, 2018","74,473",Financials in USD,Fiscal year is October - September
WCUI,quarterly,Q3 2018,"Jun '18 Jun 30, 2018","71,500",Financials in USD,Fiscal year is October - September
WCUI,quarterly,Q2 2018,"Mar '18 Mar 31, 2018","41,250",Financials in USD,Fiscal year is October - September
WCUI,quarterly,Q1 2018,"Dec '17 Dec 31, 2017","26,500",Financials in USD,Fiscal year is October - September
WCUI,quarterly,Q4 2017,"Sep '17 Sep 30, 2017","16,249",Financials in USD,Fiscal year is October - September
WCUI,quarterly,+20 Quarters,+20 Quarters,Upgrade,Financials in USD,Fiscal year is October - September
WCUI,quarterly,Currency,,Financials in USD,Financials in USD,Fiscal year is October - September
WCUI,quarterly,Fiscal_Year_period,,Fiscal year is October - September,Financials in USD,Fiscal year is October - September
