Fiscal Year,TTM,FY 2023,FY 2022,FY 2021,FY 2020,FY 2019,2018 - 2014,Currency,Fiscal_Year_period
Period Ending,"Sep '24 Sep 30, 2024","Dec '23 Dec 31, 2023","Dec '22 Dec 31, 2022","Dec '21 Dec 31, 2021","Dec '20 Dec 31, 2020","Dec '19 Dec 31, 2019",2018 - 2014,,
Operating Revenue,"167,141,000","615,995,000","228,291,000","23,146,000","62,347,000","281,772,000",Upgrade,Financials in SEK,Fiscal year is January - December
Other Revenue,-,-,"1,141,000","2,517,000","2,859,000","1,172,000",Upgrade,Financials in SEK,Fiscal year is January - December
Revenue,"167,141,000","615,995,000","229,432,000","25,663,000","65,206,000","282,944,000",Upgrade,Financials in SEK,Fiscal year is January - December
Revenue Growth (YoY),-72.459%,168.487%,794.019%,-60.643%,-76.954%,-60.823%,Upgrade,Financials in SEK,Fiscal year is January - December
Cost of Revenue,"90,504,000","89,627,000","74,326,000","55,067,000","50,242,000","72,422,000",Upgrade,Financials in SEK,Fiscal year is January - December
Gross Profit,"76,637,000","526,368,000","155,106,000","-29,404,000","14,964,000","210,522,000",Upgrade,Financials in SEK,Fiscal year is January - December
"Selling, General & Admin","220,080,000","251,251,000","148,665,000","97,351,000","86,347,000","90,884,000",Upgrade,Financials in SEK,Fiscal year is January - December
Research & Development,"94,023,000",-,-,-,-,-,Upgrade,Financials in SEK,Fiscal year is January - December
Other Operating Expenses,"19,000","-270,000","-254,000","-9,000","-79,000","-650,000",Upgrade,Financials in SEK,Fiscal year is January - December
Operating Expenses,"332,550,000","269,409,000","163,044,000","110,449,000","97,281,000","99,433,000",Upgrade,Financials in SEK,Fiscal year is January - December
Operating Income,"-255,913,000","256,959,000","-7,938,000","-139,853,000","-82,317,000","111,089,000",Upgrade,Financials in SEK,Fiscal year is January - December
Interest Expense,-,"-328,000","-559,000","-838,000","-984,000","-1,192,000",Upgrade,Financials in SEK,Fiscal year is January - December
Interest & Investment Income,"41,890,000","34,228,000","2,535,000",-,"7,000","253,000",Upgrade,Financials in SEK,Fiscal year is January - December
Currency Exchange Gain (Loss),"-7,195,000","-14,323,000","-5,014,000","333,000","-3,074,000","2,827,000",Upgrade,Financials in SEK,Fiscal year is January - December
Other Non Operating Income (Expenses),"-50,000","-50,000","-192,000","-146,000","-114,000","-2,000",Upgrade,Financials in SEK,Fiscal year is January - December
EBT Excluding Unusual Items,"-221,268,000","276,486,000","-11,168,000","-140,504,000","-86,482,000","112,975,000",Upgrade,Financials in SEK,Fiscal year is January - December
Gain (Loss) on Sale of Assets,-,-,-,"-8,000","-209,000",-,Upgrade,Financials in SEK,Fiscal year is January - December
Pretax Income,"-221,268,000","276,486,000","-11,168,000","-140,512,000","-86,691,000","112,975,000",Upgrade,Financials in SEK,Fiscal year is January - December
Income Tax Expense,"11,593,000","47,237,000","11,000","-20,723,000","-18,174,000","24,507,000",Upgrade,Financials in SEK,Fiscal year is January - December
Net Income to Company,-,"229,249,000","-11,179,000","-119,789,000","-68,517,000","88,468,000",Upgrade,Financials in SEK,Fiscal year is January - December
Net Income,"-232,861,000","229,249,000","-11,179,000","-119,789,000","-68,517,000","88,468,000",Upgrade,Financials in SEK,Fiscal year is January - December
Net Income to Common,"-232,861,000","229,249,000","-11,179,000","-119,789,000","-68,517,000","88,468,000",Upgrade,Financials in SEK,Fiscal year is January - December
Net Income Growth,-,-,-,-,-,-76.817%,Upgrade,Financials in SEK,Fiscal year is January - December
Shares Outstanding (Basic),"88,301,142","88,230,640","88,074,302","88,059,985","88,059,985","88,059,985",Upgrade,Financials in SEK,Fiscal year is January - December
Shares Outstanding (Diluted),"88,301,142","88,487,401","88,682,985","88,059,985","88,059,985","88,059,985",Upgrade,Financials in SEK,Fiscal year is January - December
Shares Change (YoY),-0.678%,-0.221%,0.707%,-,-,-,Upgrade,Financials in SEK,Fiscal year is January - December
EPS (Basic),-2.637,2.598,-0.127,-1.360,-0.778,1.005,Upgrade,Financials in SEK,Fiscal year is January - December
EPS (Diluted),-2.638,2.590,-0.130,-1.360,-0.780,1.000,Upgrade,Financials in SEK,Fiscal year is January - December
EPS Growth,-,-,-,-,-,-76.905%,Upgrade,Financials in SEK,Fiscal year is January - December
Free Cash Flow,"-170,585,000","302,251,000","-44,383,000","-144,843,000","-104,814,000","323,903,000",Upgrade,Financials in SEK,Fiscal year is January - December
Free Cash Flow Per Share,-1.932,3.416,-0.500,-1.645,-1.190,3.678,Upgrade,Financials in SEK,Fiscal year is January - December
Gross Margin,45.852%,85.450%,67.604%,-114.577%,22.949%,74.404%,Upgrade,Financials in SEK,Fiscal year is January - December
Operating Margin,-153.112%,41.714%,-3.460%,-544.960%,-126.241%,39.262%,Upgrade,Financials in SEK,Fiscal year is January - December
Profit Margin,-139.320%,37.216%,-4.872%,-466.777%,-105.078%,31.267%,Upgrade,Financials in SEK,Fiscal year is January - December
Free Cash Flow Margin,-102.061%,49.067%,-19.345%,-564.404%,-160.743%,114.476%,Upgrade,Financials in SEK,Fiscal year is January - December
EBITDA,"-237,250,000","275,387,000","-1,872,000","-134,723,000","-78,489,000","114,050,000",Upgrade,Financials in SEK,Fiscal year is January - December
EBITDA Margin,-141.946%,44.706%,-0.816%,-,-120.371%,40.308%,Upgrade,Financials in SEK,Fiscal year is January - December
D&A For EBITDA,"18,663,000","18,428,000","6,066,000","5,130,000","3,828,000","2,961,000",Upgrade,Financials in SEK,Fiscal year is January - December
EBIT,"-255,913,000","256,959,000","-7,938,000","-139,853,000","-82,317,000","111,089,000",Upgrade,Financials in SEK,Fiscal year is January - December
EBIT Margin,-153.112%,41.714%,-3.460%,-,-126.241%,39.262%,Upgrade,Financials in SEK,Fiscal year is January - December
Effective Tax Rate,-,17.085%,-,-,-,21.692%,Upgrade,Financials in SEK,Fiscal year is January - December
Revenue as Reported,-,"-620,077,000","-228,625,000","26,688,000","65,943,000","296,598,000",Upgrade,Financials in SEK,Fiscal year is January - December
