Fiscal Year,TTM,FY 2023,FY 2022,FY 2021,FY 2020,FY 2019,2018 - 2016,Currency,Fiscal_Year_period
Period Ending,"Jun '24 Jun 30, 2024","Dec '23 Dec 31, 2023","Dec '22 Dec 31, 2022","Dec '21 Dec 31, 2021","Dec '20 Dec 31, 2020","Dec '19 Dec 31, 2019",2018 - 2016,,
Operating Revenue,"456,533,000","463,842,000","481,363,000","243,718,000","1,038,832,000",-,Upgrade,Financials in CNY,Fiscal year is January - December
Revenue,"456,533,000","463,842,000","481,363,000","243,718,000","1,038,832,000",-,Upgrade,Financials in CNY,Fiscal year is January - December
Revenue Growth (YoY),-5.101%,-3.640%,97.508%,-76.539%,-,-,Upgrade,Financials in CNY,Fiscal year is January - December
Cost of Revenue,"133,646,000","159,547,000","202,985,000","106,832,000","241,421,000",-,Upgrade,Financials in CNY,Fiscal year is January - December
Gross Profit,"322,887,000","304,295,000","278,378,000","136,886,000","797,411,000",-,Upgrade,Financials in CNY,Fiscal year is January - December
"Selling, General & Admin","270,870,000","382,063,000","576,363,000","661,384,000","484,658,000","341,476,000",Upgrade,Financials in CNY,Fiscal year is January - December
Research & Development,"407,277,000","527,799,000","614,162,000","1,304,945,000","1,404,684,000","1,395,624,000",Upgrade,Financials in CNY,Fiscal year is January - December
Operating Expenses,"678,147,000","909,862,000","1,190,525,000","1,966,329,000","1,889,342,000","1,737,100,000",Upgrade,Financials in CNY,Fiscal year is January - December
Operating Income,"-355,260,000","-605,567,000","-912,147,000","-1,829,443,000","-1,091,931,000","-1,737,100,000",Upgrade,Financials in CNY,Fiscal year is January - December
Interest Expense,"-14,294,000","-11,819,000","-8,477,000","-2,242,000","-1,320,000","-303,000",Upgrade,Financials in CNY,Fiscal year is January - December
Interest & Investment Income,"16,938,000","24,886,000","9,672,000","9,803,000","24,161,000","67,287,000",Upgrade,Financials in CNY,Fiscal year is January - December
Currency Exchange Gain (Loss),"-1,018,000","20,360,000","61,492,000","-69,130,000","-181,836,000","110,723,000",Upgrade,Financials in CNY,Fiscal year is January - December
Other Non Operating Income (Expenses),"22,549,000","25,714,000","8,711,000","36,017,000","27,510,000","-757,427,000",Upgrade,Financials in CNY,Fiscal year is January - December
EBT Excluding Unusual Items,"-331,085,000","-546,426,000","-840,749,000","-1,854,995,000","-1,223,416,000","-2,316,820,000",Upgrade,Financials in CNY,Fiscal year is January - December
Gain (Loss) on Sale of Investments,"9,545,000","301,000","-61,929,000","-64,204,000","2,417,000","8,480,000",Upgrade,Financials in CNY,Fiscal year is January - December
Gain (Loss) on Sale of Assets,"179,231,000","178,891,000",-,"-901,000",-,"-104,000",Upgrade,Financials in CNY,Fiscal year is January - December
Pretax Income,"-142,309,000","-367,234,000","-902,678,000","-1,920,100,000","-1,220,999,000","-2,308,444,000",Upgrade,Financials in CNY,Fiscal year is January - December
Earnings From Continuing Operations,"-142,309,000","-367,234,000","-902,678,000","-1,920,100,000","-1,220,999,000","-2,308,444,000",Upgrade,Financials in CNY,Fiscal year is January - December
Net Income,"-142,309,000","-367,234,000","-902,678,000","-1,920,100,000","-1,220,999,000","-2,308,444,000",Upgrade,Financials in CNY,Fiscal year is January - December
Preferred Dividends & Other Adjustments,-,-,-,-,-,"-239,704,000",Upgrade,Financials in CNY,Fiscal year is January - December
Net Income to Common,"-142,309,000","-367,234,000","-902,678,000","-1,920,100,000","-1,220,999,000","-2,068,740,000",Upgrade,Financials in CNY,Fiscal year is January - December
Shares Outstanding (Basic),"1,274,932,500","1,263,073,000","1,172,839,000","1,165,209,000","1,046,032,000","866,728,184",Upgrade,Financials in CNY,Fiscal year is January - December
Shares Outstanding (Diluted),"1,274,932,500","1,263,073,000","1,172,839,000","1,165,209,000","1,046,032,000","866,728,184",Upgrade,Financials in CNY,Fiscal year is January - December
Shares Change (YoY),5.317%,7.694%,0.655%,11.393%,20.687%,414.123%,Upgrade,Financials in CNY,Fiscal year is January - December
EPS (Basic),-0.112,-0.291,-0.770,-1.648,-1.167,-2.387,Upgrade,Financials in CNY,Fiscal year is January - December
EPS (Diluted),-0.112,-0.291,-0.770,-1.650,-1.170,-2.390,Upgrade,Financials in CNY,Fiscal year is January - December
Free Cash Flow,"-435,163,000","-588,858,000","-610,743,000","-1,575,050,000","-575,109,000","-1,090,449,000",Upgrade,Financials in CNY,Fiscal year is January - December
Free Cash Flow Per Share,-0.341,-0.466,-0.521,-1.352,-0.550,-1.258,Upgrade,Financials in CNY,Fiscal year is January - December
Gross Margin,70.726%,65.603%,57.831%,56.166%,76.760%,-,Upgrade,Financials in CNY,Fiscal year is January - December
Operating Margin,-77.817%,-130.555%,-189.493%,-750.639%,-105.111%,-,Upgrade,Financials in CNY,Fiscal year is January - December
Profit Margin,-31.172%,-79.172%,-187.525%,-787.837%,-117.536%,-,Upgrade,Financials in CNY,Fiscal year is January - December
Free Cash Flow Margin,-95.319%,-126.952%,-126.878%,-646.259%,-55.361%,-,Upgrade,Financials in CNY,Fiscal year is January - December
EBITDA,"-339,159,000","-586,641,000","-895,407,000","-1,820,683,000","-1,085,485,000","-1,730,703,000",Upgrade,Financials in CNY,Fiscal year is January - December
EBITDA Margin,-74.290%,-126.474%,-186.015%,-,-104.491%,-,Upgrade,Financials in CNY,Fiscal year is January - December
D&A For EBITDA,"16,101,000","18,926,000","16,740,000","8,760,000","6,446,000","6,397,000",Upgrade,Financials in CNY,Fiscal year is January - December
EBIT,"-355,260,000","-605,567,000","-912,147,000","-1,829,443,000","-1,091,931,000","-1,737,100,000",Upgrade,Financials in CNY,Fiscal year is January - December
EBIT Margin,-77.817%,-130.554%,-189.493%,-,-105.111%,-,Upgrade,Financials in CNY,Fiscal year is January - December
