Fiscal Year,TTM,FY 2023,FY 2022,FY 2021,FY 2020,FY 2019,2018 - 2014,Currency,Fiscal_Year_period
Period Ending,"Sep '24 Sep 30, 2024","Dec '23 Dec 31, 2023","Dec '22 Dec 31, 2022","Dec '21 Dec 31, 2021","Dec '20 Dec 31, 2020","Dec '19 Dec 31, 2019",2018 - 2014,,
Revenue,"21,441,000,000","19,912,000,000","18,246,000,000","16,299,000,000","17,672,000,000","17,036,000,000",Upgrade,Financials in DKK,Fiscal year is January - December
Revenue Growth (YoY),9.315%,9.131%,11.946%,-7.769%,3.733%,-5.967%,Upgrade,Financials in DKK,Fiscal year is January - December
Cost of Revenue,"4,382,000,000","4,485,000,000","3,951,000,000","3,611,000,000","4,119,000,000","3,840,000,000",Upgrade,Financials in DKK,Fiscal year is January - December
Gross Profit,"17,059,000,000","15,427,000,000","14,295,000,000","12,688,000,000","13,553,000,000","13,196,000,000",Upgrade,Financials in DKK,Fiscal year is January - December
"Selling, General & Admin","9,162,000,000","8,706,000,000","7,689,000,000","6,625,000,000","6,912,000,000","6,413,000,000",Upgrade,Financials in DKK,Fiscal year is January - December
Research & Development,"4,361,000,000","3,457,000,000","3,754,000,000","3,820,000,000","3,753,000,000","3,116,000,000",Upgrade,Financials in DKK,Fiscal year is January - December
Operating Expenses,"13,523,000,000","12,163,000,000","11,443,000,000","10,445,000,000","10,665,000,000","9,529,000,000",Upgrade,Financials in DKK,Fiscal year is January - December
Operating Income,"3,536,000,000","3,264,000,000","2,852,000,000","2,243,000,000","2,888,000,000","3,667,000,000",Upgrade,Financials in DKK,Fiscal year is January - December
Interest Expense,-,"-54,000,000","-103,000,000","-153,000,000","-181,000,000","-63,000,000",Upgrade,Financials in DKK,Fiscal year is January - December
Interest & Investment Income,"124,000,000","86,000,000","22,000,000","7,000,000","6,000,000","39,000,000",Upgrade,Financials in DKK,Fiscal year is January - December
Currency Exchange Gain (Loss),"-164,000,000","-164,000,000","-30,000,000","-31,000,000","76,000,000","-55,000,000",Upgrade,Financials in DKK,Fiscal year is January - December
Other Non Operating Income (Expenses),"-43,000,000","-43,000,000","-62,000,000","-61,000,000","-68,000,000","-23,000,000",Upgrade,Financials in DKK,Fiscal year is January - December
EBT Excluding Unusual Items,"3,453,000,000","3,089,000,000","2,679,000,000","2,005,000,000","2,721,000,000","3,565,000,000",Upgrade,Financials in DKK,Fiscal year is January - December
Merger & Restructuring Charges,"7,000,000",-,-,"-233,000,000","-59,000,000","-514,000,000",Upgrade,Financials in DKK,Fiscal year is January - December
Gain (Loss) on Sale of Investments,"-21,000,000","-21,000,000","24,000,000","-58,000,000","80,000,000","-5,000,000",Upgrade,Financials in DKK,Fiscal year is January - December
Asset Writedown,-,-,-,-,"-839,000,000",-,Upgrade,Financials in DKK,Fiscal year is January - December
Legal Settlements,"-219,000,000","-69,000,000",-,-,-,-,Upgrade,Financials in DKK,Fiscal year is January - December
Other Unusual Items,"-6,000,000","-6,000,000","-229,000,000","-133,000,000","3,000,000","-20,000,000",Upgrade,Financials in DKK,Fiscal year is January - December
Pretax Income,"3,214,000,000","2,993,000,000","2,474,000,000","1,581,000,000","1,906,000,000","3,026,000,000",Upgrade,Financials in DKK,Fiscal year is January - December
Income Tax Expense,"527,000,000","703,000,000","558,000,000","263,000,000","325,000,000","713,000,000",Upgrade,Financials in DKK,Fiscal year is January - December
Net Income,"2,687,000,000","2,290,000,000","1,916,000,000","1,318,000,000","1,581,000,000","2,313,000,000",Upgrade,Financials in DKK,Fiscal year is January - December
Net Income to Common,"2,687,000,000","2,290,000,000","1,916,000,000","1,318,000,000","1,581,000,000","2,313,000,000",Upgrade,Financials in DKK,Fiscal year is January - December
Net Income Growth,8.918%,19.520%,45.372%,-16.635%,-31.647%,-40.799%,Upgrade,Financials in DKK,Fiscal year is January - December
Shares Outstanding (Basic),"991,635,000","992,235,000","992,867,000","993,307,000","993,650,000","993,465,000",Upgrade,Financials in DKK,Fiscal year is January - December
Shares Outstanding (Diluted),"991,635,000","992,235,000","992,867,000","993,307,000","993,665,000","993,575,000",Upgrade,Financials in DKK,Fiscal year is January - December
Shares Change (YoY),-0.079%,-0.064%,-0.044%,-0.036%,0.009%,-0.011%,Upgrade,Financials in DKK,Fiscal year is January - December
EPS (Basic),2.710,2.308,1.930,1.327,1.591,2.328,Upgrade,Financials in DKK,Fiscal year is January - December
EPS (Diluted),2.710,2.308,1.930,1.327,1.591,2.328,Upgrade,Financials in DKK,Fiscal year is January - December
EPS Growth,9.265%,19.596%,45.436%,-16.606%,-31.654%,-40.793%,Upgrade,Financials in DKK,Fiscal year is January - December
Free Cash Flow,"5,160,000,000","3,803,000,000","3,148,000,000","1,862,000,000","3,473,000,000","2,253,000,000",Upgrade,Financials in DKK,Fiscal year is January - December
Free Cash Flow Per Share,5.204,3.833,3.171,1.875,3.495,2.268,Upgrade,Financials in DKK,Fiscal year is January - December
Dividend Per Share,0.700,0.700,0.580,0.400,0.500,0.820,Upgrade,Financials in DKK,Fiscal year is January - December
Dividend Growth,20.690%,20.690%,45.000%,-20.000%,-39.024%,-65.833%,Upgrade,Financials in DKK,Fiscal year is January - December
Gross Margin,79.563%,77.476%,78.346%,77.845%,76.692%,77.459%,Upgrade,Financials in DKK,Fiscal year is January - December
Operating Margin,16.492%,16.392%,15.631%,13.762%,16.342%,21.525%,Upgrade,Financials in DKK,Fiscal year is January - December
Profit Margin,12.532%,11.501%,10.501%,8.086%,8.946%,13.577%,Upgrade,Financials in DKK,Fiscal year is January - December
Free Cash Flow Margin,24.066%,19.099%,17.253%,11.424%,19.653%,13.225%,Upgrade,Financials in DKK,Fiscal year is January - December
EBITDA,"5,361,000,000","5,186,000,000","4,570,000,000","3,867,000,000","4,796,000,000","5,266,000,000",Upgrade,Financials in DKK,Fiscal year is January - December
EBITDA Margin,25.003%,26.044%,25.046%,23.725%,27.139%,30.911%,Upgrade,Financials in DKK,Fiscal year is January - December
D&A For EBITDA,"1,825,000,000","1,922,000,000","1,718,000,000","1,624,000,000","1,908,000,000","1,599,000,000",Upgrade,Financials in DKK,Fiscal year is January - December
EBIT,"3,536,000,000","3,264,000,000","2,852,000,000","2,243,000,000","2,888,000,000","3,667,000,000",Upgrade,Financials in DKK,Fiscal year is January - December
EBIT Margin,16.492%,16.392%,15.631%,13.761%,16.342%,21.525%,Upgrade,Financials in DKK,Fiscal year is January - December
Effective Tax Rate,16.397%,23.488%,22.555%,16.635%,17.051%,23.562%,Upgrade,Financials in DKK,Fiscal year is January - December
