Fiscal Quarter,Q2 2024,Q1 2024,Q4 2023,Q3 2023,Q2 2023,Q1 2023,Q4 2022,Q3 2022,Q2 2022,Q1 2022,Q4 2021,Q3 2021,Q2 2021,Q1 2021,Q4 2020,Q3 2020,Q2 2020,Q1 2020,Q4 2019,Q3 2019,+20 Quarters,Currency,Fiscal_Year_period
Period Ending,"Jun '24 Jun 30, 2024","Mar '24 Mar 31, 2024","Dec '23 Dec 31, 2023","Sep '23 Sep 30, 2023","Jun '23 Jun 30, 2023","Mar '23 Mar 31, 2023","Dec '22 Dec 31, 2022","Sep '22 Sep 30, 2022","Jun '22 Jun 30, 2022","Mar '22 Mar 31, 2022","Dec '21 Dec 31, 2021","Sep '21 Sep 30, 2021","Jun '21 Jun 30, 2021","Mar '21 Mar 31, 2021","Dec '20 Dec 31, 2020","Sep '20 Sep 30, 2020","Jun '20 Jun 30, 2020","Mar '20 Mar 31, 2020","Dec '19 Dec 31, 2019","Sep '19 Sep 30, 2019",+20 Quarters,,
Operating Revenue,"1,457,000","2,238,000","1,485,000","1,485,000","1,550,000","1,532,000","2,981,500","2,981,500","2,261,000","12,642,000","3,086,000","3,086,000","2,146,000","2,145,500","2,164,500","2,164,500","2,271,000","1,836,500","3,594,000","1,297,000",Upgrade,Financials in EUR,Fiscal year is January - December
Revenue,"1,457,000","2,238,000","1,485,000","1,485,000","1,550,000","1,532,000","2,981,500","2,981,500","2,261,000","12,642,000","3,086,000","3,086,000","2,146,000","2,145,500","2,164,500","2,164,500","2,271,000","1,836,500","3,594,000","1,297,000",Upgrade,Financials in EUR,Fiscal year is January - December
Revenue Growth (YoY),-6.000%,46.084%,-50.193%,-50.193%,-31.446%,-87.882%,-3.386%,-3.386%,5.359%,489.233%,42.573%,42.573%,-5.504%,16.825%,-39.775%,66.885%,-35.829%,-11.749%,125.896%,-27.542%,Upgrade,Financials in EUR,Fiscal year is January - December
Cost of Revenue,"333,000","386,500","360,500","360,500","444,000","461,000","584,000","584,000","555,000","407,500","363,500","363,500","349,000","316,500","646,000","646,000",-,-,-,-,Upgrade,Financials in EUR,Fiscal year is January - December
Gross Profit,"1,124,000","1,851,500","1,124,500","1,124,500","1,106,000","1,071,000","2,397,500","2,397,500","1,706,000","12,234,500","2,722,500","2,722,500","1,797,000","1,829,000","1,518,500","1,518,500","2,271,000","1,836,500","3,594,000","1,297,000",Upgrade,Financials in EUR,Fiscal year is January - December
"Selling, General & Admin","2,091,000","2,031,500","2,498,000","2,498,000","2,324,000","2,170,000","1,849,000","1,849,000","1,825,000","3,093,500","1,902,000","1,902,000","1,547,000","1,517,000","1,996,000","1,996,000","2,969,000","2,282,500","1,965,000","1,743,000",Upgrade,Financials in EUR,Fiscal year is January - December
Research & Development,"3,132,000","3,143,000","3,179,500","3,179,500","2,901,000","2,593,000","2,221,500","2,221,500","1,640,000","1,828,000","2,476,500","2,476,500","2,768,000","3,157,000","5,294,500","5,294,500","5,313,000","5,836,500","6,159,000","5,540,000",Upgrade,Financials in EUR,Fiscal year is January - December
Other Operating Expenses,"-2,000","-3,000","-165,000","-165,000","-2,000","-5,500","-195,000","-195,000","-26,000","-18,000","-256,500","-256,500","-164,000","-85,500","1,544,500","1,544,500","-1,000","-1,000","-94,000","-6,000",Upgrade,Financials in EUR,Fiscal year is January - December
Operating Expenses,"5,221,000","5,171,500","5,512,500","5,512,500","5,223,000","4,757,500","3,875,500","3,875,500","3,439,000","4,903,500","4,122,000","4,122,000","4,151,000","4,588,500","8,835,000","8,835,000","8,281,000","8,118,000","8,030,000","7,277,000",Upgrade,Financials in EUR,Fiscal year is January - December
Operating Income,"-4,097,000","-3,320,000","-4,388,000","-4,388,000","-4,117,000","-3,686,500","-1,478,000","-1,478,000","-1,733,000","7,331,000","-1,399,500","-1,399,500","-2,354,000","-2,759,500","-7,316,500","-7,316,500","-6,010,000","-6,281,500","-4,436,000","-5,980,000",Upgrade,Financials in EUR,Fiscal year is January - December
Interest Expense,-,-,"-272,000","-272,000",-,-,"-245,500","-245,500","-69,000","-71,500","-85,000","-85,000","-85,000","-87,000","-96,000","-96,000","-102,000","-103,500","-444,000","-90,000",Upgrade,Financials in EUR,Fiscal year is January - December
Interest & Investment Income,"110,000","55,500","66,000","66,000","3,000","1,500","14,500","14,500",-,-,"9,500","9,500",-,-,"12,500","12,500","35,000","19,000",-,"201,000",Upgrade,Financials in EUR,Fiscal year is January - December
Currency Exchange Gain (Loss),"-88,000","-93,500","136,000","136,000","-144,000","-151,000","15,500","15,500","-38,000","-24,000","-6,000","-6,000",-,"-1,000","29,500","29,500","15,000","-4,500","10,000","-15,000",Upgrade,Financials in EUR,Fiscal year is January - December
Other Non Operating Income (Expenses),"-6,000","-5,000","11,500","11,500","3,000","-13,500","-12,500","-12,500",-,-,"-15,000","-15,000",-,"15,000",-500,-500,-,-,"-438,000","181,000",Upgrade,Financials in EUR,Fiscal year is January - December
EBT Excluding Unusual Items,"-4,081,000","-3,363,000","-4,446,500","-4,446,500","-4,255,000","-3,849,500","-1,706,000","-1,706,000","-1,840,000","7,235,500","-1,496,000","-1,496,000","-2,439,000","-2,832,500","-7,371,000","-7,371,000","-6,062,000","-6,370,500","-5,308,000","-5,703,000",Upgrade,Financials in EUR,Fiscal year is January - December
Impairment of Goodwill,-,-,-,-,-,-,-,-,-,-,-,-,-,-,"-1,106,000","-1,106,000",-,-,-,-,Upgrade,Financials in EUR,Fiscal year is January - December
Gain (Loss) on Sale of Assets,-,-,-,-,-,-,"-16,500","-16,500",-,-,"-79,000","-79,000",-,-,"358,000","358,000",-,-,-,-,Upgrade,Financials in EUR,Fiscal year is January - December
Asset Writedown,-,-,-,-,-,-,"-10,200,000","-10,200,000",-,-,"-765,000","-765,000",-,-,-,-,-,-,"4,676,000",-,Upgrade,Financials in EUR,Fiscal year is January - December
Other Unusual Items,-,-,-,-,-,-,-,-,-,-,"31,000","31,000",-,-,"134,500","134,500","156,000","153,500","603,000",-,Upgrade,Financials in EUR,Fiscal year is January - December
Pretax Income,"-4,081,000","-3,363,000","-4,446,500","-4,446,500","-4,255,000","-3,849,500","-11,922,500","-11,922,500","-1,840,000","7,235,500","-2,309,000","-2,309,000","-2,439,000","-2,832,500","-7,984,500","-7,984,500","-5,906,000","-6,217,000","-29,000","-5,703,000",Upgrade,Financials in EUR,Fiscal year is January - December
Income Tax Expense,-,-,"157,000","157,000","-197,000","-364,500","-798,000","-798,000","552,000","276,000","-150,000","-150,000",-,-,"186,000","186,000",-,"50,000","-58,000",-,Upgrade,Financials in EUR,Fiscal year is January - December
Net Income,"-4,081,000","-3,363,000","-4,603,500","-4,603,500","-4,058,000","-3,485,000","-11,124,500","-11,124,500","-2,392,000","6,959,500","-2,159,000","-2,159,000","-2,439,000","-2,832,500","-8,170,500","-8,170,500","-5,906,000","-6,267,000","29,000","-5,703,000",Upgrade,Financials in EUR,Fiscal year is January - December
Net Income to Common,"-4,081,000","-3,363,000","-4,603,500","-4,603,500","-4,058,000","-3,485,000","-11,124,500","-11,124,500","-2,392,000","6,959,500","-2,159,000","-2,159,000","-2,439,000","-2,832,500","-8,170,500","-8,170,500","-5,906,000","-6,267,000","29,000","-5,703,000",Upgrade,Financials in EUR,Fiscal year is January - December
Shares Outstanding (Basic),"13,591,338","12,932,715","12,281,329","12,281,329","12,281,329","12,281,329","12,281,329","12,281,329","12,281,329","12,281,329","12,281,329","12,281,329","12,281,329","12,281,329","12,281,329","12,281,329","12,281,329","12,281,329","12,281,343","12,281,111",Upgrade,Financials in EUR,Fiscal year is January - December
Shares Outstanding (Diluted),"13,591,338","12,932,715","12,281,329","12,281,329","12,281,329","12,281,329","12,281,329","12,281,329","12,281,329","12,281,329","12,281,329","12,281,329","12,281,329","12,281,329","12,281,329","12,281,329","12,281,329","12,281,329","12,281,343","12,281,111",Upgrade,Financials in EUR,Fiscal year is January - December
Shares Change (YoY),10.667%,5.304%,-,-,-,-,-,-,-,-,-,-,-,-,-0.000%,0.002%,0.008%,0.022%,-0.013%,0.033%,Upgrade,Financials in EUR,Fiscal year is January - December
EPS (Basic),-0.300,-0.260,-0.375,-0.375,-0.330,-0.284,-0.906,-0.906,-0.195,0.567,-0.176,-0.176,-0.199,-0.231,-0.665,-0.665,-0.481,-0.510,0.002,-0.464,Upgrade,Financials in EUR,Fiscal year is January - December
EPS (Diluted),-0.300,-0.260,-0.375,-0.375,-0.330,-0.284,-0.906,-0.906,-0.195,0.567,-0.176,-0.176,-0.199,-0.231,-0.665,-0.665,-0.481,-0.510,0.002,-0.464,Upgrade,Financials in EUR,Fiscal year is January - December
Free Cash Flow,"-3,695,000","-3,695,000","-3,702,000","-3,702,000","-4,189,500","-4,189,500","-3,025,500","-3,025,500","8,536,000","8,536,000","-1,724,500","-1,724,500","-3,715,000","-3,715,000","-4,858,500","-4,858,500","-7,776,500","-7,776,500",-,-,Upgrade,Financials in EUR,Fiscal year is January - December
Free Cash Flow Per Share,-0.272,-0.286,-0.301,-0.301,-0.341,-0.341,-0.246,-0.246,0.695,0.695,-0.140,-0.140,-0.302,-0.302,-0.396,-0.396,-0.633,-0.633,-,-,Upgrade,Financials in EUR,Fiscal year is January - December
Gross Margin,77.145%,82.730%,75.724%,75.724%,71.355%,69.909%,80.412%,80.412%,75.453%,96.777%,88.221%,88.221%,83.737%,85.248%,70.155%,70.155%,100.000%,100.000%,100.000%,100.000%,Upgrade,Financials in EUR,Fiscal year is January - December
Operating Margin,-281.194%,-148.347%,-295.488%,-295.488%,-265.613%,-240.633%,-49.572%,-49.572%,-76.648%,57.989%,-45.350%,-45.350%,-109.692%,-128.618%,-338.023%,-338.023%,-264.641%,-342.036%,-123.428%,-461.064%,Upgrade,Financials in EUR,Fiscal year is January - December
Profit Margin,-280.096%,-150.268%,-310.000%,-310.000%,-261.806%,-227.480%,-373.118%,-373.118%,-105.794%,55.051%,-69.961%,-69.961%,-113.653%,-132.021%,-377.477%,-377.477%,-260.062%,-341.247%,0.807%,-439.707%,Upgrade,Financials in EUR,Fiscal year is January - December
Free Cash Flow Margin,-253.603%,-165.103%,-249.293%,-249.293%,-270.290%,-273.466%,-101.476%,-101.476%,377.532%,67.521%,-55.881%,-55.881%,-173.113%,-173.153%,-224.463%,-224.463%,-342.426%,-423.441%,-,-,Upgrade,Financials in EUR,Fiscal year is January - December
EBITDA,"-3,745,500","-2,968,500","-4,237,250","-4,175,667","-3,781,500","-3,351,000","8,692,500","8,692,500","-1,360,000","7,704,000","-643,000","-643,000","-1,822,500","-2,228,000","-6,248,500","-6,248,500","-5,391,000","-5,662,500","-4,077,500","-5,587,000",Upgrade,Financials in EUR,Fiscal year is January - December
EBITDA Margin,-257.069%,-132.641%,-285.337%,-281.190%,-243.968%,-218.734%,291.548%,291.548%,-60.150%,60.940%,-20.836%,-20.836%,-84.925%,-103.845%,-288.681%,-288.681%,-237.384%,-,-113.453%,-,Upgrade,Financials in EUR,Fiscal year is January - December
D&A For EBITDA,"351,500","351,500","150,750","212,333","335,500","335,500","10,170,500","10,170,500","373,000","373,000","756,500","756,500","531,500","531,500","1,068,000","1,068,000","619,000","619,000","358,500","393,000",Upgrade,Financials in EUR,Fiscal year is January - December
EBIT,"-4,097,000","-3,320,000","-4,388,000","-4,388,000","-4,117,000","-3,686,500","-1,478,000","-1,478,000","-1,733,000","7,331,000","-1,399,500","-1,399,500","-2,354,000","-2,759,500","-7,316,500","-7,316,500","-6,010,000","-6,281,500","-4,436,000","-5,980,000",Upgrade,Financials in EUR,Fiscal year is January - December
EBIT Margin,-281.194%,-148.347%,-295.488%,-295.488%,-265.613%,-240.633%,-49.572%,-49.572%,-76.647%,57.989%,-45.350%,-45.350%,-109.692%,-128.618%,-,-,-264.641%,-,-123.428%,-,Upgrade,Financials in EUR,Fiscal year is January - December
Effective Tax Rate,-,-,-,-,-,-,-,-,-,3.814%,-,-,-,-,-,-,-,-,-,-,Upgrade,Financials in EUR,Fiscal year is January - December
Revenue as Reported,-,-,-,-,-,-,-,-,-,-,-,-,-,-,"-1,837,500","-1,837,500","2,272,000","1,837,500","3,688,000","1,303,000",Upgrade,Financials in EUR,Fiscal year is January - December
