Fiscal Year,TTM,FY 2023,FY 2022,FY 2021,FY 2020,FY 2019,2018 - 2014,Currency,Fiscal_Year_period
Period Ending,"Jun '24 Jun 30, 2024","Dec '23 Dec 31, 2023","Dec '22 Dec 31, 2022","Dec '21 Dec 31, 2021","Dec '20 Dec 31, 2020","Dec '19 Dec 31, 2019",2018 - 2014,,
Operating Revenue,"7,446,000","6,034,000","31,247,000","10,463,000","8,002,000","10,511,000",Upgrade,Financials in EUR,Fiscal year is January - December
Revenue,"7,446,000","6,034,000","31,247,000","10,463,000","8,002,000","10,511,000",Upgrade,Financials in EUR,Fiscal year is January - December
Revenue Growth (YoY),-17.514%,-80.689%,198.643%,30.755%,-23.870%,38.741%,Upgrade,Financials in EUR,Fiscal year is January - December
Cost of Revenue,"1,494,000","1,643,000","1,983,000","1,360,000","1,292,000","383,000",Upgrade,Financials in EUR,Fiscal year is January - December
Gross Profit,"5,952,000","4,391,000","29,264,000","9,103,000","6,710,000","10,128,000",Upgrade,Financials in EUR,Fiscal year is January - December
"Selling, General & Admin","9,059,000","9,336,000","9,885,000","6,838,000","8,557,000","7,788,000",Upgrade,Financials in EUR,Fiscal year is January - December
Research & Development,"12,645,000","11,545,000","8,099,000","11,267,000","22,262,000","22,622,000",Upgrade,Financials in EUR,Fiscal year is January - December
Other Operating Expenses,"-336,000","-341,000","-426,000","-684,000","3,087,000","-121,000",Upgrade,Financials in EUR,Fiscal year is January - December
Operating Expenses,"21,368,000","20,540,000","17,558,000","17,421,000","33,906,000","30,289,000",Upgrade,Financials in EUR,Fiscal year is January - December
Operating Income,"-15,416,000","-16,149,000","11,706,000","-8,318,000","-27,196,000","-20,161,000",Upgrade,Financials in EUR,Fiscal year is January - December
Interest Expense,"-544,000","-544,000","-634,000","-344,000","-399,000","-450,000",Upgrade,Financials in EUR,Fiscal year is January - December
Interest & Investment Income,"243,000","135,000","29,000","19,000","63,000","158,000",Upgrade,Financials in EUR,Fiscal year is January - December
Currency Exchange Gain (Loss),"85,000","-30,000","-17,000","-14,000","50,000","-68,000",Upgrade,Financials in EUR,Fiscal year is January - December
Other Non Operating Income (Expenses),"13,000","-4,000","-25,000",-,"-1,000",-,Upgrade,Financials in EUR,Fiscal year is January - December
EBT Excluding Unusual Items,"-15,619,000","-16,592,000","11,059,000","-8,657,000","-27,483,000","-20,521,000",Upgrade,Financials in EUR,Fiscal year is January - December
Impairment of Goodwill,-,-,-,-,"-2,212,000",-,Upgrade,Financials in EUR,Fiscal year is January - December
Gain (Loss) on Sale of Assets,-,-,"-33,000","-158,000","716,000",-,Upgrade,Financials in EUR,Fiscal year is January - December
Asset Writedown,-,-,"-20,400,000","-1,530,000",-,-,Upgrade,Financials in EUR,Fiscal year is January - December
Other Unusual Items,-,-,-,"62,000","576,000","603,000",Upgrade,Financials in EUR,Fiscal year is January - December
Pretax Income,"-15,619,000","-16,592,000","-9,374,000","-10,283,000","-28,403,000","-19,918,000",Upgrade,Financials in EUR,Fiscal year is January - December
Income Tax Expense,"314,000","-415,000","-1,044,000","-300,000","472,000","44,000",Upgrade,Financials in EUR,Fiscal year is January - December
Net Income,"-15,933,000","-16,177,000","-8,330,000","-9,983,000","-28,875,000","-19,962,000",Upgrade,Financials in EUR,Fiscal year is January - December
Net Income to Common,"-15,933,000","-16,177,000","-8,330,000","-9,983,000","-28,875,000","-19,962,000",Upgrade,Financials in EUR,Fiscal year is January - December
Shares Outstanding (Basic),"12,607,022","12,281,329","12,281,329","12,281,329","12,281,329","12,280,284",Upgrade,Financials in EUR,Fiscal year is January - December
Shares Outstanding (Diluted),"12,607,022","12,281,329","12,281,329","12,281,329","12,281,329","12,280,284",Upgrade,Financials in EUR,Fiscal year is January - December
Shares Change (YoY),2.652%,-,-,-,0.009%,3.766%,Upgrade,Financials in EUR,Fiscal year is January - December
EPS (Basic),-1.264,-1.317,-0.678,-0.813,-2.351,-1.626,Upgrade,Financials in EUR,Fiscal year is January - December
EPS (Diluted),-1.264,-1.317,-0.678,-0.813,-2.351,-1.626,Upgrade,Financials in EUR,Fiscal year is January - December
Free Cash Flow,"-14,794,000","-15,783,000","11,021,000","-10,879,000","-25,270,000","-17,851,000",Upgrade,Financials in EUR,Fiscal year is January - December
Free Cash Flow Per Share,-1.173,-1.285,0.897,-0.886,-2.058,-1.454,Upgrade,Financials in EUR,Fiscal year is January - December
Gross Margin,79.936%,72.771%,93.654%,87.002%,83.854%,96.356%,Upgrade,Financials in EUR,Fiscal year is January - December
Operating Margin,-207.037%,-267.633%,37.463%,-79.499%,-339.865%,-191.809%,Upgrade,Financials in EUR,Fiscal year is January - December
Profit Margin,-213.981%,-268.097%,-26.659%,-95.412%,-360.847%,-189.915%,Upgrade,Financials in EUR,Fiscal year is January - December
Free Cash Flow Margin,-198.684%,-261.568%,35.271%,-103.976%,-315.796%,-169.832%,Upgrade,Financials in EUR,Fiscal year is January - December
EBITDA,"-14,781,000","-15,546,000","32,793,000","-5,742,000","-23,822,000","-18,727,000",Upgrade,Financials in EUR,Fiscal year is January - December
EBITDA Margin,-198.509%,-257.640%,104.948%,-54.879%,-297.700%,-178.166%,Upgrade,Financials in EUR,Fiscal year is January - December
D&A For EBITDA,"635,000","603,000","21,087,000","2,576,000","3,374,000","1,434,000",Upgrade,Financials in EUR,Fiscal year is January - December
EBIT,"-15,416,000","-16,149,000","11,706,000","-8,318,000","-27,196,000","-20,161,000",Upgrade,Financials in EUR,Fiscal year is January - December
EBIT Margin,-207.037%,-267.633%,37.463%,-79.499%,-,-191.809%,Upgrade,Financials in EUR,Fiscal year is January - December
Revenue as Reported,-,-,-,-,-,"10,632,000",Upgrade,Financials in EUR,Fiscal year is January - December
