Fiscal Year,TTM,FY 2023,FY 2022,FY 2021,FY 2020,FY 2019,2018 - 2016,Currency,Fiscal_Year_period
Period Ending,"Sep '24 Sep 30, 2024","Dec '23 Dec 31, 2023","Dec '22 Dec 31, 2022","Dec '21 Dec 31, 2021","Dec '20 Dec 31, 2020","Dec '19 Dec 31, 2019",2018 - 2016,,
Revenue,"157,861,000","148,598,000","134,010,000","121,464,000","50,895,151","45,604,644",Upgrade,Financials in USD,Fiscal year is January - December
Revenue Growth (YoY),8.474%,10.886%,10.329%,138.655%,11.601%,284.787%,Upgrade,Financials in USD,Fiscal year is January - December
Cost of Revenue,"90,385,000","82,679,000","70,053,000","55,201,000","19,570,257","26,902,916",Upgrade,Financials in USD,Fiscal year is January - December
Gross Profit,"67,476,000","65,919,000","63,957,000","66,263,000","31,324,894","18,701,728",Upgrade,Financials in USD,Fiscal year is January - December
"Selling, General & Admin","59,781,000","50,721,000","38,875,000","37,538,000","15,811,749","13,030,231",Upgrade,Financials in USD,Fiscal year is January - December
Operating Expenses,"59,895,000","50,839,000","42,627,000","39,400,000","16,794,237","46,370,051",Upgrade,Financials in USD,Fiscal year is January - December
Operating Income,"7,581,000","15,080,000","21,330,000","26,863,000","14,530,657","-27,668,323",Upgrade,Financials in USD,Fiscal year is January - December
Interest Expense,"-6,616,000","-9,185,000","-1,693,000","-2,356,000","-9,810,475","-12,718,952",Upgrade,Financials in USD,Fiscal year is January - December
Interest & Investment Income,"103,000","270,000","959,000","109,000","255,158","467,798",Upgrade,Financials in USD,Fiscal year is January - December
Other Non Operating Income (Expenses),"-773,000","-653,000","-45,000","-2,000",-,-83,Upgrade,Financials in USD,Fiscal year is January - December
EBT Excluding Unusual Items,"295,000","5,512,000","20,551,000","24,614,000","4,975,340","-39,919,560",Upgrade,Financials in USD,Fiscal year is January - December
Merger & Restructuring Charges,"-853,000","-695,000","-961,000",-,-,-,Upgrade,Financials in USD,Fiscal year is January - December
Impairment of Goodwill,-,-,-,-,-,"-2,662,669",Upgrade,Financials in USD,Fiscal year is January - December
Gain (Loss) on Sale of Investments,"-76,000","-76,000","-82,000","-798,000","-349,638","-30,975,359",Upgrade,Financials in USD,Fiscal year is January - December
Asset Writedown,"-906,000","-906,000",-,-,"-84,708",-,Upgrade,Financials in USD,Fiscal year is January - December
Legal Settlements,-,-,-,-,-,"-8,251,000",Upgrade,Financials in USD,Fiscal year is January - December
Other Unusual Items,"-9,731,000","-10,431,000",-,-,"-44,678","-5,180",Upgrade,Financials in USD,Fiscal year is January - December
Pretax Income,"-10,345,000","-6,596,000","19,508,000","23,816,000","4,496,316","-81,813,768",Upgrade,Financials in USD,Fiscal year is January - December
Income Tax Expense,"3,720,000","9,411,000","5,894,000","16,192,000","2,067,049","67,157",Upgrade,Financials in USD,Fiscal year is January - December
Earnings From Continuing Operations,"-14,065,000","-16,007,000","13,614,000","7,624,000","2,429,267","-81,880,925",Upgrade,Financials in USD,Fiscal year is January - December
Minority Interest in Earnings,"-64,000","-24,000","-146,000","-399,000","-285,278","696,206",Upgrade,Financials in USD,Fiscal year is January - December
Net Income,"-14,129,000","-16,031,000","13,468,000","7,225,000","2,143,989","-81,184,719",Upgrade,Financials in USD,Fiscal year is January - December
Net Income to Common,"-14,129,000","-16,031,000","13,468,000","7,225,000","2,143,989","-81,184,719",Upgrade,Financials in USD,Fiscal year is January - December
Net Income Growth,-,-,86.408%,236.989%,-,-,Upgrade,Financials in USD,Fiscal year is January - December
Shares Outstanding (Basic),"377,872,750","363,403,000","337,697,000","326,467,000","266,980,197","208,720,496",Upgrade,Financials in USD,Fiscal year is January - December
Shares Outstanding (Diluted),"377,872,750","363,403,000","380,289,000","372,397,000","324,160,525","208,720,496",Upgrade,Financials in USD,Fiscal year is January - December
Shares Change (YoY),6.674%,-4.440%,2.119%,14.880%,55.308%,8.496%,Upgrade,Financials in USD,Fiscal year is January - December
EPS (Basic),-0.037,-0.044,0.040,0.022,0.008,-0.389,Upgrade,Financials in USD,Fiscal year is January - December
EPS (Diluted),-0.037,-0.044,0.040,0.020,0.008,-0.390,Upgrade,Financials in USD,Fiscal year is January - December
EPS Growth,-,-,99.405%,149.066%,-,-,Upgrade,Financials in USD,Fiscal year is January - December
Free Cash Flow,"-5,851,000","-12,220,000","-4,829,000","17,981,000","-1,307,492","-33,806,838",Upgrade,Financials in USD,Fiscal year is January - December
Free Cash Flow Per Share,-0.015,-0.034,-0.013,0.048,-0.004,-0.162,Upgrade,Financials in USD,Fiscal year is January - December
Gross Margin,42.744%,44.361%,47.725%,54.554%,61.548%,41.008%,Upgrade,Financials in USD,Fiscal year is January - December
Operating Margin,4.802%,10.148%,15.917%,22.116%,28.550%,-60.670%,Upgrade,Financials in USD,Fiscal year is January - December
Profit Margin,-8.950%,-10.788%,10.050%,5.948%,4.213%,-178.019%,Upgrade,Financials in USD,Fiscal year is January - December
Free Cash Flow Margin,-3.706%,-8.224%,-3.603%,14.804%,-2.569%,-74.130%,Upgrade,Financials in USD,Fiscal year is January - December
EBITDA,"17,950,000","23,654,000","26,044,000","29,651,000","16,712,748","-26,471,717",Upgrade,Financials in USD,Fiscal year is January - December
EBITDA Margin,11.371%,15.918%,19.434%,24.411%,32.838%,-58.046%,Upgrade,Financials in USD,Fiscal year is January - December
D&A For EBITDA,"10,369,000","8,574,000","4,714,000","2,788,000","2,182,091","1,196,606",Upgrade,Financials in USD,Fiscal year is January - December
EBIT,"7,581,000","15,080,000","21,330,000","26,863,000","14,530,657","-27,668,323",Upgrade,Financials in USD,Fiscal year is January - December
EBIT Margin,4.802%,10.148%,15.917%,22.116%,28.550%,-60.670%,Upgrade,Financials in USD,Fiscal year is January - December
Effective Tax Rate,-,-,30.213%,67.988%,45.972%,-,Upgrade,Financials in USD,Fiscal year is January - December
Revenue as Reported,-,-,-,-,-,"45,604,644",Upgrade,Financials in USD,Fiscal year is January - December
