Fiscal Year,TTM,FY 2024,FY 2023,FY 2022,FY 2021,FY 2020,2019 - 2015,Currency,Fiscal_Year_period
Period Ending,"Sep '24 Sep 30, 2024","Mar '24 Mar 31, 2024","Mar '23 Mar 31, 2023","Mar '22 Mar 31, 2022","Mar '21 Mar 31, 2021","Mar '20 Mar 31, 2020",2019 - 2015,,
Revenue,"154,273,000,000","148,255,000,000","144,175,000,000","137,484,000,000","121,885,000,000","116,637,000,000",Upgrade,Financials in JPY,Fiscal year is April - March
Revenue Growth (YoY),5.412%,2.830%,4.867%,12.798%,4.499%,1.675%,Upgrade,Financials in JPY,Fiscal year is April - March
Cost of Revenue,"49,849,000,000","50,234,000,000","55,980,000,000","50,191,000,000","49,954,000,000","53,155,000,000",Upgrade,Financials in JPY,Fiscal year is April - March
Gross Profit,"104,424,000,000","98,021,000,000","88,195,000,000","87,293,000,000","71,931,000,000","63,482,000,000",Upgrade,Financials in JPY,Fiscal year is April - March
"Selling, General & Admin","35,034,000,000","33,955,000,000","33,872,000,000","31,264,000,000","29,318,000,000","27,467,000,000",Upgrade,Financials in JPY,Fiscal year is April - March
Research & Development,"35,891,000,000","31,676,000,000","24,135,000,000","22,863,000,000","16,104,000,000","13,994,000,000",Upgrade,Financials in JPY,Fiscal year is April - March
Other Operating Expenses,"4,237,000,000","119,000,000","19,000,000","252,000,000",-,-,Upgrade,Financials in JPY,Fiscal year is April - March
Operating Expenses,"76,166,000,000","66,754,000,000","58,966,000,000","55,288,000,000","45,796,000,000","41,813,000,000",Upgrade,Financials in JPY,Fiscal year is April - March
Operating Income,"28,258,000,000","31,267,000,000","29,229,000,000","32,005,000,000","26,135,000,000","21,669,000,000",Upgrade,Financials in JPY,Fiscal year is April - March
Interest Expense,"-63,000,000","-55,000,000","-65,000,000","-55,000,000","-2,000,000","-2,000,000",Upgrade,Financials in JPY,Fiscal year is April - March
Interest & Investment Income,"719,000,000","649,000,000","573,000,000","472,000,000","531,000,000","574,000,000",Upgrade,Financials in JPY,Fiscal year is April - March
Currency Exchange Gain (Loss),"2,486,000,000","2,486,000,000","1,193,000,000","993,000,000","192,000,000","-141,000,000",Upgrade,Financials in JPY,Fiscal year is April - March
Other Non Operating Income (Expenses),"365,000,000","366,000,000","329,000,000","281,000,000","-96,000,000","64,000,000",Upgrade,Financials in JPY,Fiscal year is April - March
EBT Excluding Unusual Items,"31,765,000,000","34,713,000,000","31,259,000,000","33,696,000,000","26,760,000,000","22,164,000,000",Upgrade,Financials in JPY,Fiscal year is April - March
Gain (Loss) on Sale of Investments,"-272,000,000","-272,000,000","-69,000,000","-63,000,000","1,936,000,000","277,000,000",Upgrade,Financials in JPY,Fiscal year is April - March
Gain (Loss) on Sale of Assets,"-104,000,000","-104,000,000","-86,000,000","-332,000,000","62,000,000",-,Upgrade,Financials in JPY,Fiscal year is April - March
Asset Writedown,"-722,000,000","-722,000,000","-616,000,000",-,-,-,Upgrade,Financials in JPY,Fiscal year is April - March
Pretax Income,"30,667,000,000","33,615,000,000","30,488,000,000","33,301,000,000","28,758,000,000","22,441,000,000",Upgrade,Financials in JPY,Fiscal year is April - March
Income Tax Expense,"4,612,000,000","7,762,000,000","7,669,000,000","8,303,000,000","8,038,000,000","5,553,000,000",Upgrade,Financials in JPY,Fiscal year is April - March
Earnings From Continuing Operations,"26,055,000,000","25,853,000,000","22,819,000,000","24,998,000,000","20,720,000,000","16,888,000,000",Upgrade,Financials in JPY,Fiscal year is April - March
Minority Interest in Earnings,"-7,000,000","-2,000,000","-7,000,000","-12,000,000","-18,000,000","-22,000,000",Upgrade,Financials in JPY,Fiscal year is April - March
Net Income,"26,048,000,000","25,851,000,000","22,812,000,000","24,986,000,000","20,702,000,000","16,866,000,000",Upgrade,Financials in JPY,Fiscal year is April - March
Net Income to Common,"26,048,000,000","25,851,000,000","22,812,000,000","24,986,000,000","20,702,000,000","16,866,000,000",Upgrade,Financials in JPY,Fiscal year is April - March
Net Income Growth,9.602%,13.322%,-8.701%,20.694%,22.744%,3.460%,Upgrade,Financials in JPY,Fiscal year is April - March
Shares Outstanding (Basic),"67,352,000","67,352,000","67,352,000","67,353,000","67,353,000","67,353,000",Upgrade,Financials in JPY,Fiscal year is April - March
Shares Outstanding (Diluted),"67,355,500","67,352,000","67,352,000","67,353,000","67,353,000","67,353,000",Upgrade,Financials in JPY,Fiscal year is April - March
Shares Change (YoY),0.006%,-,-0.001%,-,-,-0.001%,Upgrade,Financials in JPY,Fiscal year is April - March
EPS (Basic),386.744,383.819,338.698,370.971,307.366,250.412,Upgrade,Financials in JPY,Fiscal year is April - March
EPS (Diluted),386.723,383.819,338.698,370.971,307.366,250.412,Upgrade,Financials in JPY,Fiscal year is April - March
EPS Growth,9.595%,13.322%,-8.700%,20.694%,22.744%,3.461%,Upgrade,Financials in JPY,Fiscal year is April - March
Free Cash Flow,"21,736,000,000","11,231,000,000","20,510,000,000","18,179,000,000","19,220,000,000","10,920,000,000",Upgrade,Financials in JPY,Fiscal year is April - March
Free Cash Flow Per Share,322.706,166.751,304.520,269.906,285.362,162.131,Upgrade,Financials in JPY,Fiscal year is April - March
Dividend Per Share,124.000,124.000,114.000,110.000,99.000,86.000,Upgrade,Financials in JPY,Fiscal year is April - March
Dividend Growth,4.202%,8.772%,3.636%,11.111%,15.116%,22.857%,Upgrade,Financials in JPY,Fiscal year is April - March
Gross Margin,67.688%,66.116%,61.172%,63.493%,59.015%,54.427%,Upgrade,Financials in JPY,Fiscal year is April - March
Operating Margin,18.317%,21.090%,20.273%,23.279%,21.442%,18.578%,Upgrade,Financials in JPY,Fiscal year is April - March
Profit Margin,16.884%,17.437%,15.822%,18.174%,16.985%,14.460%,Upgrade,Financials in JPY,Fiscal year is April - March
Free Cash Flow Margin,14.089%,7.575%,14.226%,13.223%,15.769%,9.362%,Upgrade,Financials in JPY,Fiscal year is April - March
EBITDA,"33,799,000,000","36,290,000,000","34,270,000,000","36,593,000,000","29,685,000,000","25,137,000,000",Upgrade,Financials in JPY,Fiscal year is April - March
EBITDA Margin,21.909%,24.478%,23.770%,26.616%,24.355%,21.551%,Upgrade,Financials in JPY,Fiscal year is April - March
D&A For EBITDA,"5,541,000,000","5,023,000,000","5,041,000,000","4,588,000,000","3,550,000,000","3,468,000,000",Upgrade,Financials in JPY,Fiscal year is April - March
EBIT,"28,258,000,000","31,267,000,000","29,229,000,000","32,005,000,000","26,135,000,000","21,669,000,000",Upgrade,Financials in JPY,Fiscal year is April - March
EBIT Margin,18.317%,21.090%,20.273%,23.279%,21.442%,18.578%,Upgrade,Financials in JPY,Fiscal year is April - March
Effective Tax Rate,15.039%,23.091%,25.154%,24.933%,27.950%,24.745%,Upgrade,Financials in JPY,Fiscal year is April - March
Advertising Expenses,-,"4,849,000,000","5,911,000,000","5,523,000,000","4,979,000,000","5,203,000,000",Upgrade,Financials in JPY,Fiscal year is April - March
