Fiscal Quarter,H1 2024,H2 2023,H1 2023,H2 2022,H1 2022,H2 2021,H1 2021,H2 2020,H1 2020,H2 2019,+2 Quarters,Currency,Fiscal_Year_period
Period Ending,"Jun '24 Jun 30, 2024","Dec '23 Dec 31, 2023","Jun '23 Jun 30, 2023","Dec '22 Dec 31, 2022","Jun '22 Jun 30, 2022","Dec '21 Dec 31, 2021","Jun '21 Jun 30, 2021","Dec '20 Dec 31, 2020","Jun '20 Jun 30, 2020","Dec '19 Dec 31, 2019",+2 Quarters,,
Operating Revenue,"24,327,000","168,999,000","62,926,000","14,553,000",-,-,-,"717,000",-,"495,000",Upgrade,Financials in AUD,Fiscal year is January - December
Other Revenue,-,"17,000",-,"864,000",-,"3,197,000",-,-,-,-,Upgrade,Financials in AUD,Fiscal year is January - December
Revenue,"24,327,000","169,016,000","62,926,000","15,417,000",-,"3,197,000",-,"717,000",-,"495,000",Upgrade,Financials in AUD,Fiscal year is January - December
Revenue Growth (YoY),-61.340%,996.296%,-,382.233%,-,345.886%,-,44.848%,-,-96.462%,Upgrade,Financials in AUD,Fiscal year is January - December
Cost of Revenue,"17,889,000","15,662,000","11,739,000","8,102,000","4,610,000","2,556,000","6,960,000","3,527,000","4,236,000","2,919,000",Upgrade,Financials in AUD,Fiscal year is January - December
Gross Profit,"6,438,000","153,354,000","51,187,000","7,315,000","-4,610,000","641,000","-6,960,000","-2,810,000","-4,236,000","-2,424,000",Upgrade,Financials in AUD,Fiscal year is January - December
"Selling, General & Admin","2,374,000","3,287,000","3,044,000","1,860,000","1,577,000","1,093,000","821,000","684,000","1,079,000","745,000",Upgrade,Financials in AUD,Fiscal year is January - December
Operating Expenses,"2,374,000","2,252,000","3,044,000","710,000","2,727,000","676,000","1,238,000","684,000","1,079,000","745,000",Upgrade,Financials in AUD,Fiscal year is January - December
Operating Income,"4,064,000","151,102,000","48,143,000","6,605,000","-7,337,000","-35,000","-8,198,000","-3,494,000","-5,315,000","-3,169,000",Upgrade,Financials in AUD,Fiscal year is January - December
Interest & Investment Income,"5,836,000","5,003,000","684,000","336,000","55,000","17,000","24,000","62,000","85,000","154,000",Upgrade,Financials in AUD,Fiscal year is January - December
Currency Exchange Gain (Loss),"23,000","1,770,000","664,000","997,000","228,000","188,000","210,000","-1,050,000","419,000","84,000",Upgrade,Financials in AUD,Fiscal year is January - December
Other Non Operating Income (Expenses),"1,920,000","-2,357,000","131,000","-700,000",-,-,-,"50,000","50,000",-,Upgrade,Financials in AUD,Fiscal year is January - December
EBT Excluding Unusual Items,"11,843,000","155,518,000","49,622,000","7,238,000","-7,054,000","170,000","-7,964,000","-4,432,000","-4,761,000","-2,931,000",Upgrade,Financials in AUD,Fiscal year is January - December
Pretax Income,"11,843,000","155,518,000","49,622,000","7,238,000","-7,054,000","170,000","-7,964,000","-4,432,000","-4,761,000","-2,931,000",Upgrade,Financials in AUD,Fiscal year is January - December
Income Tax Expense,"3,827,000","46,242,000","1,817,000",-,-,-,-,-,-,-,Upgrade,Financials in AUD,Fiscal year is January - December
Earnings From Continuing Operations,"8,016,000","109,276,000","47,805,000","7,238,000","-7,054,000","170,000","-7,964,000","-4,432,000","-4,761,000","-2,931,000",Upgrade,Financials in AUD,Fiscal year is January - December
Net Income,"8,016,000","109,276,000","47,805,000","7,238,000","-7,054,000","170,000","-7,964,000","-4,432,000","-4,761,000","-2,931,000",Upgrade,Financials in AUD,Fiscal year is January - December
Net Income to Common,"8,016,000","109,276,000","47,805,000","7,238,000","-7,054,000","170,000","-7,964,000","-4,432,000","-4,761,000","-2,931,000",Upgrade,Financials in AUD,Fiscal year is January - December
Net Income Growth,-83.232%,1409.754%,-,4157.647%,-,-,-,-,-,-,Upgrade,Financials in AUD,Fiscal year is January - December
Shares Outstanding (Basic),"127,674,028","127,802,077","126,336,947","125,965,676","125,965,676","121,054,093","114,486,011","113,946,221","100,168,413","100,168,413",Upgrade,Financials in AUD,Fiscal year is January - December
Shares Outstanding (Diluted),"130,819,042","131,487,843","130,049,131","131,852,314","125,965,676","122,561,993","114,486,011","113,946,221","100,168,413","100,168,413",Upgrade,Financials in AUD,Fiscal year is January - December
Shares Change (YoY),0.592%,-0.276%,3.242%,7.580%,10.027%,7.561%,14.294%,13.755%,-,-1.421%,Upgrade,Financials in AUD,Fiscal year is January - December
EPS (Basic),0.063,0.855,0.378,0.057,-0.056,0.001,-0.070,-0.039,-0.048,-0.029,Upgrade,Financials in AUD,Fiscal year is January - December
EPS (Diluted),0.061,0.830,0.368,0.054,-0.056,0.001,-0.070,-0.039,-0.048,-0.029,Upgrade,Financials in AUD,Fiscal year is January - December
EPS Growth,-83.325%,1424.416%,-,4624.805%,-,-,-,-,-,-,Upgrade,Financials in AUD,Fiscal year is January - December
Free Cash Flow,"-20,539,000","140,025,000","44,860,000","9,406,000","-5,826,000","-3,827,000","-6,153,000","-2,932,000","-5,152,000","-3,820,000",Upgrade,Financials in AUD,Fiscal year is January - December
Free Cash Flow Per Share,-0.157,1.065,0.345,0.071,-0.046,-0.031,-0.054,-0.026,-0.051,-0.038,Upgrade,Financials in AUD,Fiscal year is January - December
Operating Margin,16.706%,89.401%,76.507%,42.842%,-,-1.095%,-,-487.308%,-,-640.202%,Upgrade,Financials in AUD,Fiscal year is January - December
Profit Margin,32.951%,64.654%,75.970%,46.948%,-,5.317%,-,-618.131%,-,-592.121%,Upgrade,Financials in AUD,Fiscal year is January - December
Free Cash Flow Margin,-84.429%,82.847%,71.290%,61.011%,-,-119.706%,-,-408.926%,-,-771.717%,Upgrade,Financials in AUD,Fiscal year is January - December
EBITDA,"4,075,000","151,113,000","48,149,000","6,611,000","-7,333,000","-31,000","-8,194,000","-3,491,000","-5,312,000","-3,168,000",Upgrade,Financials in AUD,Fiscal year is January - December
D&A For EBITDA,"11,000","11,000","6,000","6,000","4,000","4,000","4,000","3,000","3,000","1,000",Upgrade,Financials in AUD,Fiscal year is January - December
EBIT,"4,064,000","151,102,000","48,143,000","6,605,000","-7,337,000","-35,000","-8,198,000","-3,494,000","-5,315,000","-3,169,000",Upgrade,Financials in AUD,Fiscal year is January - December
Revenue as Reported,"32,106,000","175,658,000","64,405,000","16,750,000","283,000","3,402,000","234,000","410,000","554,000","733,000",Upgrade,Financials in AUD,Fiscal year is January - December
