Fiscal Quarter,Q3 2024,Q2 2024,Q1 2024,Q4 2023,Q3 2023,Q2 2023,Q1 2023,Q4 2022,Q3 2022,Q2 2022,Q1 2022,Q4 2021,Q3 2021,Q2 2021,Q1 2021,Q4 2020,Q3 2020,Q2 2020,Q1 2020,Q4 2019,+20 Quarters,Currency,Fiscal_Year_period
Period Ending,"Sep '24 Sep 30, 2024","Jun '24 Jun 30, 2024","Mar '24 Mar 31, 2024","Dec '23 Dec 31, 2023","Sep '23 Sep 30, 2023","Jun '23 Jun 30, 2023","Mar '23 Mar 31, 2023","Dec '22 Dec 31, 2022","Sep '22 Sep 30, 2022","Jun '22 Jun 30, 2022","Mar '22 Mar 31, 2022","Dec '21 Dec 31, 2021","Sep '21 Sep 30, 2021","Jun '21 Jun 30, 2021","Mar '21 Mar 31, 2021","Dec '20 Dec 31, 2020","Sep '20 Sep 30, 2020","Jun '20 Jun 30, 2020","Mar '20 Mar 31, 2020","Dec '19 Dec 31, 2019",+20 Quarters,,
Revenue,"136,500,000","154,000,000","139,300,000","166,000,000","156,100,000","157,700,000","158,800,000","156,000,000","161,000,000","147,800,000","159,400,000","144,000,000","145,900,000","142,800,000","132,300,000","159,200,000","150,300,000","179,100,000","175,000,000","238,100,000",Upgrade,Financials in SEK,Fiscal year is January - December
Revenue Growth (YoY),-12.556%,-2.346%,-12.280%,6.410%,-3.043%,6.698%,-0.376%,8.333%,10.350%,3.501%,20.484%,-9.548%,-2.927%,-20.268%,-24.400%,-33.137%,-34.991%,-10.984%,0.402%,4.844%,Upgrade,Financials in SEK,Fiscal year is January - December
Cost of Revenue,"20,100,000","16,300,000","13,300,000","20,100,000","22,800,000","17,200,000","28,700,000","25,900,000","28,000,000","21,200,000","27,500,000","20,300,000","21,300,000","18,100,000","19,200,000","11,300,000","14,500,000","19,900,000","20,000,000","23,100,000",Upgrade,Financials in SEK,Fiscal year is January - December
Gross Profit,"116,400,000","137,700,000","126,000,000","145,900,000","133,300,000","140,500,000","130,100,000","130,100,000","133,000,000","126,600,000","131,900,000","123,700,000","124,600,000","124,700,000","113,100,000","147,900,000","135,800,000","159,200,000","155,000,000","215,000,000",Upgrade,Financials in SEK,Fiscal year is January - December
"Selling, General & Admin","79,400,000","94,400,000","78,400,000","70,700,000","90,100,000","86,500,000","112,000,000","91,400,000","85,200,000","101,700,000","74,600,000","96,800,000","104,800,000","103,200,000","97,300,000","98,700,000","109,700,000","102,700,000","78,300,000","77,500,000",Upgrade,Financials in SEK,Fiscal year is January - December
Research & Development,"56,200,000","64,300,000","56,600,000","65,400,000","83,700,000","75,600,000","78,500,000","88,200,000","76,500,000","81,300,000","72,000,000","79,900,000","63,500,000","73,200,000","55,600,000","59,000,000","50,300,000","62,600,000","52,900,000","58,600,000",Upgrade,Financials in SEK,Fiscal year is January - December
Other Operating Expenses,"-200,000","-2,300,000","-800,000","7,300,000","-3,900,000","400,000","-100,000","3,900,000","1,000,000","100,000",-,"1,800,000",-,-,-,"1,200,000",-,-,-,"-2,600,000",Upgrade,Financials in SEK,Fiscal year is January - December
Operating Expenses,"135,400,000","156,400,000","134,200,000","143,400,000","169,900,000","162,500,000","190,400,000","183,500,000","162,700,000","183,100,000","146,600,000","178,500,000","168,300,000","176,400,000","152,900,000","158,900,000","160,000,000","165,300,000","131,200,000","133,500,000",Upgrade,Financials in SEK,Fiscal year is January - December
Operating Income,"-19,000,000","-18,700,000","-8,200,000","2,500,000","-36,600,000","-22,000,000","-60,300,000","-53,400,000","-29,700,000","-56,500,000","-14,700,000","-54,800,000","-43,700,000","-51,700,000","-39,800,000","-11,000,000","-24,200,000","-6,100,000","23,800,000","81,500,000",Upgrade,Financials in SEK,Fiscal year is January - December
Interest Expense,"-13,400,000","-21,400,000","-7,700,000","-18,800,000","-9,700,000","-9,300,000","-8,500,000","-59,100,000","-6,700,000","-5,600,000","-4,700,000","-14,600,000","-5,800,000","-5,000,000","-9,100,000","-24,000,000","-10,800,000","-22,200,000",-,"-26,500,000",Upgrade,Financials in SEK,Fiscal year is January - December
Interest & Investment Income,"900,000","1,100,000","900,000","7,800,000","1,300,000","1,500,000","1,400,000",-,"1,200,000","400,000",-,-,-,-,-,-,-,-,"44,000,000",-,Upgrade,Financials in SEK,Fiscal year is January - December
Currency Exchange Gain (Loss),"-8,200,000","-800,000","5,600,000","1,700,000","1,500,000","10,100,000","-500,000","44,000,000","36,700,000","24,900,000","5,500,000","23,700,000","7,800,000","-7,600,000","17,500,000","-5,100,000","-5,400,000","-7,100,000","10,100,000","-3,800,000",Upgrade,Financials in SEK,Fiscal year is January - December
Other Non Operating Income (Expenses),-,"-400,000","-400,000","-2,700,000","-400,000","-300,000","-600,000","-2,600,000","-200,000","-700,000","-1,200,000","-7,300,000","-800,000","-500,000","-700,000","-1,600,000","-100,000","-100,000","100,000","-2,300,000",Upgrade,Financials in SEK,Fiscal year is January - December
EBT Excluding Unusual Items,"-39,700,000","-40,200,000","-9,800,000","-9,500,000","-43,900,000","-20,000,000","-68,500,000","-71,100,000","1,300,000","-37,500,000","-15,100,000","-53,000,000","-42,500,000","-64,800,000","-32,100,000","-41,700,000","-40,500,000","-35,500,000","78,000,000","48,900,000",Upgrade,Financials in SEK,Fiscal year is January - December
Gain (Loss) on Sale of Assets,-,-,-,-,-,-,-,"200,000",-,-,-,-,-,-,-,-,-,-,-,-,Upgrade,Financials in SEK,Fiscal year is January - December
Legal Settlements,-,-,-,"-10,000,000",-,-,-,"-24,600,000","-23,700,000",-,-,"-13,200,000","-16,600,000",-,-,-,-,-,-,-,Upgrade,Financials in SEK,Fiscal year is January - December
Other Unusual Items,-,-,-,-,-,-,-,-,-,-,-,-,-,-,-,"1,400,000",-,-,-,-,Upgrade,Financials in SEK,Fiscal year is January - December
Pretax Income,"-37,100,000","-37,300,000","-9,800,000","-19,500,000","-36,600,000","-15,800,000","-68,500,000","-95,500,000","-22,400,000","-37,500,000","-15,100,000","-66,200,000","-59,100,000","-64,800,000","-32,100,000","-40,300,000","-40,500,000","-35,500,000","78,000,000","48,900,000",Upgrade,Financials in SEK,Fiscal year is January - December
Income Tax Expense,"4,800,000","-1,400,000","-900,000","-900,000","-3,300,000","-3,200,000","-4,600,000","-3,700,000","4,100,000","-1,700,000","8,500,000","-300,000","-7,100,000","8,900,000","-600,000","9,300,000","44,400,000","-3,000,000","-4,600,000","10,100,000",Upgrade,Financials in SEK,Fiscal year is January - December
Net Income,"-41,900,000","-35,900,000","-8,900,000","-18,600,000","-33,300,000","-12,600,000","-63,900,000","-91,800,000","-26,500,000","-35,800,000","-23,600,000","-65,900,000","-52,000,000","-73,700,000","-31,500,000","-49,600,000","-84,900,000","-32,500,000","82,600,000","38,800,000",Upgrade,Financials in SEK,Fiscal year is January - December
Net Income to Common,"-41,900,000","-35,900,000","-8,900,000","-18,600,000","-33,300,000","-12,600,000","-63,900,000","-91,800,000","-26,500,000","-35,800,000","-23,600,000","-65,900,000","-52,000,000","-73,700,000","-31,500,000","-49,600,000","-84,900,000","-32,500,000","82,600,000","38,800,000",Upgrade,Financials in SEK,Fiscal year is January - December
Net Income Growth,-,-,-,-,-,-,-,-,-,-,-,-,-,-,-,-,-,-,485.816%,-24.660%,Upgrade,Financials in SEK,Fiscal year is January - December
Shares Outstanding (Basic),"34,505,226","34,504,154","34,449,595","34,449,595","34,420,649","34,415,773","34,367,616","34,367,616","34,367,616","34,367,616","34,327,907","34,327,907","34,327,907","34,327,907","34,294,873","34,294,873","34,710,639","34,710,639","34,710,639","34,732,142",Upgrade,Financials in SEK,Fiscal year is January - December
Shares Outstanding (Diluted),"34,505,226","34,504,154","34,449,595","34,449,595","34,420,649","34,415,773","34,367,616","34,367,616","34,367,616","34,367,616","34,327,907","34,327,907","34,327,907","34,327,907","34,294,873","34,294,873","34,710,639","34,710,639","35,338,863","35,363,636",Upgrade,Financials in SEK,Fiscal year is January - December
Shares Change (YoY),0.246%,0.257%,0.239%,0.239%,0.154%,0.140%,0.116%,0.116%,0.116%,0.116%,0.096%,0.096%,-1.103%,-1.103%,-2.954%,-3.022%,-1.867%,-3.992%,0.328%,0.763%,Upgrade,Financials in SEK,Fiscal year is January - December
EPS (Basic),-1.214,-1.040,-0.258,-0.540,-0.967,-0.366,-1.859,-2.671,-0.771,-1.042,-0.687,-1.920,-1.515,-2.147,-0.919,-1.446,-2.446,-0.936,2.380,1.117,Upgrade,Financials in SEK,Fiscal year is January - December
EPS (Diluted),-1.214,-1.040,-0.260,-0.541,-0.970,-0.370,-1.860,-2.671,-0.771,-1.042,-0.690,-1.921,-1.515,-2.150,-0.920,-1.446,-2.450,-0.940,2.340,1.103,Upgrade,Financials in SEK,Fiscal year is January - December
EPS Growth,-,-,-,-,-,-,-,-,-,-,-,-,-,-,-,-,-,-,485.000%,-24.703%,Upgrade,Financials in SEK,Fiscal year is January - December
Free Cash Flow,"-13,400,000","-9,200,000","-20,100,000","-2,800,000","-28,600,000","-23,500,000","-62,400,000","-55,900,000","-62,300,000","10,000,000","-67,200,000","-55,300,000","-100,400,000","-34,000,000","-64,000,000","120,100,000","-63,100,000","-113,800,000","44,200,000","65,800,000",Upgrade,Financials in SEK,Fiscal year is January - December
Free Cash Flow Per Share,-0.388,-0.267,-0.583,-0.081,-0.831,-0.683,-1.816,-1.627,-1.813,0.291,-1.958,-1.611,-2.925,-0.990,-1.866,3.502,-1.818,-3.279,1.251,1.861,Upgrade,Financials in SEK,Fiscal year is January - December
Gross Margin,85.275%,89.415%,90.452%,87.891%,85.394%,89.093%,81.927%,83.397%,82.609%,85.656%,82.748%,85.903%,85.401%,87.325%,85.487%,92.902%,90.353%,88.889%,88.571%,90.298%,Upgrade,Financials in SEK,Fiscal year is January - December
Operating Margin,-13.919%,-12.143%,-5.887%,1.506%,-23.447%,-13.951%,-37.972%,-34.231%,-18.447%,-38.227%,-9.222%,-38.056%,-29.952%,-36.204%,-30.083%,-6.910%,-16.101%,-3.406%,13.600%,34.229%,Upgrade,Financials in SEK,Fiscal year is January - December
Profit Margin,-30.696%,-23.312%,-6.389%,-11.205%,-21.332%,-7.990%,-40.239%,-58.846%,-16.460%,-24.222%,-14.806%,-45.764%,-35.641%,-51.611%,-23.810%,-31.156%,-56.487%,-18.146%,47.200%,16.296%,Upgrade,Financials in SEK,Fiscal year is January - December
Free Cash Flow Margin,-9.817%,-5.974%,-14.429%,-1.687%,-18.322%,-14.902%,-39.295%,-35.833%,-38.696%,6.766%,-42.158%,-38.403%,-68.814%,-23.810%,-48.375%,75.440%,-41.983%,-63.540%,25.257%,27.635%,Upgrade,Financials in SEK,Fiscal year is January - December
EBITDA,"2,000,000","2,100,000","12,400,000","23,500,000","-17,400,000","-3,500,000","-42,100,000","-35,400,000","-12,200,000","-39,300,000","1,300,000","-51,400,000","-32,100,000","-38,900,000","-26,900,000","1,000,000","-15,500,000","3,300,000","32,500,000","95,800,000",Upgrade,Financials in SEK,Fiscal year is January - December
EBITDA Margin,1.465%,1.364%,8.902%,14.157%,-11.147%,-2.219%,-26.511%,-22.692%,-7.578%,-26.590%,0.816%,-35.694%,-22.001%,-27.241%,-20.332%,0.628%,-10.313%,1.843%,18.571%,40.235%,Upgrade,Financials in SEK,Fiscal year is January - December
D&A For EBITDA,"21,000,000","20,800,000","20,600,000","21,000,000","19,200,000","18,500,000","18,200,000","18,000,000","17,500,000","17,200,000","16,000,000","3,400,000","11,600,000","12,800,000","12,900,000","12,000,000","8,700,000","9,400,000","8,700,000","14,300,000",Upgrade,Financials in SEK,Fiscal year is January - December
EBIT,"-19,000,000","-18,700,000","-8,200,000","2,500,000","-36,600,000","-22,000,000","-60,300,000","-53,400,000","-29,700,000","-56,500,000","-14,700,000","-54,800,000","-43,700,000","-51,700,000","-39,800,000","-11,000,000","-24,200,000","-6,100,000","23,800,000","81,500,000",Upgrade,Financials in SEK,Fiscal year is January - December
EBIT Margin,-13.919%,-12.143%,-5.886%,1.506%,-23.447%,-13.950%,-37.972%,-34.231%,-18.447%,-38.227%,-9.222%,-38.056%,-29.952%,-36.204%,-30.083%,-6.910%,-16.101%,-3.406%,13.600%,34.229%,Upgrade,Financials in SEK,Fiscal year is January - December
Effective Tax Rate,-,-,-,-,-,-,-,-,-,-,-,-,-,-,-,-,-,-,-,20.654%,Upgrade,Financials in SEK,Fiscal year is January - December
