Fiscal Quarter,Q3 2024,Q2 2024,Q1 2024,Q4 2023,Q3 2023,Q2 2023,Q1 2023,Q4 2022,Q3 2022,Q2 2022,Q1 2022,Q4 2021,Q3 2021,Q2 2021,Q1 2021,Q4 2020,Q3 2020,Q2 2020,Q1 2020,Q4 2019,+20 Quarters,Currency,Fiscal_Year_period
Period Ending,"Sep '24 Sep 30, 2024","Jun '24 Jun 30, 2024","Mar '24 Mar 31, 2024","Dec '23 Dec 31, 2023","Sep '23 Sep 30, 2023","Jun '23 Jun 30, 2023","Mar '23 Mar 31, 2023","Dec '22 Dec 31, 2022","Sep '22 Sep 30, 2022","Jun '22 Jun 30, 2022","Mar '22 Mar 31, 2022","Dec '21 Dec 31, 2021","Sep '21 Sep 30, 2021","Jun '21 Jun 30, 2021","Mar '21 Mar 31, 2021","Dec '20 Dec 31, 2020","Sep '20 Sep 30, 2020","Jun '20 Jun 30, 2020","Mar '20 Mar 31, 2020","Dec '19 Dec 31, 2019",+20 Quarters,,
Operating Revenue,"120,225,000","145,449,000","118,034,000","142,546,000","107,548,000","144,321,000","106,242,000","104,190,000","106,777,000","100,562,000","81,603,000","94,524,000","87,404,000","90,436,000","88,176,000","97,896,000","49,939,000","53,673,000","54,974,000","115,564,000",Upgrade,Financials in NOK,Fiscal year is January - December
Revenue,"120,225,000","145,449,000","118,034,000","142,546,000","107,548,000","144,321,000","106,242,000","104,190,000","106,777,000","100,562,000","81,603,000","94,524,000","87,404,000","90,436,000","88,176,000","97,896,000","49,939,000","53,673,000","54,974,000","115,564,000",Upgrade,Financials in NOK,Fiscal year is January - December
Revenue Growth (YoY),11.787%,0.782%,11.099%,36.814%,0.722%,43.514%,30.194%,10.226%,22.165%,11.197%,-7.454%,-3.444%,75.022%,68.494%,60.396%,-15.288%,-17.855%,1.268%,5.318%,131.754%,Upgrade,Financials in NOK,Fiscal year is January - December
Cost of Revenue,"7,857,000","7,629,000","7,743,000","5,877,000","6,896,000","6,883,000","6,481,000","5,605,000","5,807,000","5,257,000","6,028,000","7,531,000","5,333,000","6,121,000","5,065,000","6,941,000","3,469,000","1,966,000","6,135,000","7,845,000",Upgrade,Financials in NOK,Fiscal year is January - December
Gross Profit,"112,368,000","137,820,000","110,291,000","136,669,000","100,652,000","137,438,000","99,761,000","98,585,000","100,970,000","95,305,000","75,575,000","86,993,000","82,071,000","84,315,000","83,111,000","90,955,000","46,470,000","51,707,000","48,839,000","107,719,000",Upgrade,Financials in NOK,Fiscal year is January - December
"Selling, General & Admin","87,887,000","94,194,000","86,226,000","92,769,000","81,915,000","89,574,000","83,297,000","91,519,000","77,591,000","76,942,000","72,753,000","79,662,000","70,043,000","66,830,000","58,160,000","65,558,000","42,181,000","48,440,000","44,383,000","42,539,000",Upgrade,Financials in NOK,Fiscal year is January - December
Research & Development,"1,643,000","1,101,000","783,000","319,000","952,000","211,000","588,000","542,000","676,000","764,000","1,360,000","1,235,000","942,000","1,471,000","674,000","3,488,000","3,886,000","3,439,000","3,025,000","3,520,000",Upgrade,Financials in NOK,Fiscal year is January - December
Other Operating Expenses,"25,023,000","21,868,000","22,537,000","21,105,000","21,636,000","30,811,000","23,536,000","29,619,000","24,148,000","22,181,000","21,342,000","17,595,000","17,431,000","16,262,000","12,010,000","14,443,000","9,626,000","12,659,000","10,047,000","10,648,000",Upgrade,Financials in NOK,Fiscal year is January - December
Operating Expenses,"114,553,000","117,163,000","109,546,000","114,193,000","104,503,000","120,596,000","107,421,000","121,680,000","102,415,000","99,887,000","95,455,000","98,492,000","88,416,000","84,563,000","70,844,000","83,489,000","55,693,000","64,538,000","57,455,000","56,707,000",Upgrade,Financials in NOK,Fiscal year is January - December
Operating Income,"-2,185,000","20,657,000","745,000","22,476,000","-3,851,000","16,842,000","-7,660,000","-23,095,000","-1,445,000","-4,582,000","-19,880,000","-11,499,000","-6,345,000","-248,000","12,267,000","7,466,000","-9,223,000","-12,831,000","-8,616,000","51,012,000",Upgrade,Financials in NOK,Fiscal year is January - December
Interest Expense,"-9,654,000","-9,732,000","-11,275,000","-4,790,000","-11,425,000","-8,968,000","-8,257,000","-6,804,000","-7,888,000","-6,661,000","-7,703,000","-4,437,000","-8,120,000","-6,886,000","-9,538,000","-16,469,000","-8,192,000","-4,308,000","-1,395,000","-1,811,000",Upgrade,Financials in NOK,Fiscal year is January - December
Interest & Investment Income,"6,897,000","5,238,000","6,523,000","2,323,000","6,611,000","4,082,000","5,811,000",-,"3,070,000","2,190,000","328,000","719,000","3,066,000",-,"17,612,000","6,867,000","10,397,000","4,635,000","7,094,000","2,360,000",Upgrade,Financials in NOK,Fiscal year is January - December
Currency Exchange Gain (Loss),-,-,-,"-2,009,000",-,-,-,"2,294,000",-,-,-,"-694,000",-,-,-,"4,969,000",-,-,-,"2,204,000",Upgrade,Financials in NOK,Fiscal year is January - December
Other Non Operating Income (Expenses),-,"-1,000","1,000","-1,444,000","-1,000","-1,000",-,"-958,000","1,000",-,"-1,000","-17,122,000",-,"-431,000","-1,000","-765,000","-1,000","-1,000","1,000","-500,000",Upgrade,Financials in NOK,Fiscal year is January - December
EBT Excluding Unusual Items,"-4,942,000","16,162,000","-4,006,000","16,556,000","-8,666,000","11,955,000","-10,106,000","-28,563,000","-6,262,000","-9,053,000","-27,256,000","-33,033,000","-11,399,000","-7,565,000","20,340,000","2,068,000","-7,019,000","-12,505,000","-2,916,000","53,265,000",Upgrade,Financials in NOK,Fiscal year is January - December
Merger & Restructuring Charges,-,-,-,-,-,-,-,-,-,-,-,-,-,-,-,"-2,468,000","-7,151,000","-1,341,000","-1,894,000",-,Upgrade,Financials in NOK,Fiscal year is January - December
Pretax Income,"-4,942,000","16,162,000","-4,006,000","16,556,000","-8,666,000","11,955,000","-10,106,000","-28,563,000","-6,262,000","-9,053,000","-27,256,000","-33,033,000","-11,399,000","-7,565,000","20,340,000","-400,000","-14,170,000","-13,846,000","-4,810,000","53,265,000",Upgrade,Financials in NOK,Fiscal year is January - December
Income Tax Expense,"-1,476,000","3,830,000","3,883,000","3,369,000","-3,878,000","7,644,000","1,626,000","-7,079,000","3,670,000","9,403,000","-5,271,000","-4,882,000","-4,098,000","3,049,000","5,172,000","-10,629,000","-7,983,000","-5,108,000","12,897,000","10,724,000",Upgrade,Financials in NOK,Fiscal year is January - December
Earnings From Continuing Operations,"-3,466,000","12,332,000","-7,889,000","13,187,000","-4,788,000","4,311,000","-11,732,000","-21,484,000","-9,932,000","-18,456,000","-21,985,000","-28,151,000","-7,301,000","-10,614,000","15,168,000","10,229,000","-6,187,000","-8,738,000","-17,707,000","42,541,000",Upgrade,Financials in NOK,Fiscal year is January - December
Net Income,"-3,466,000","12,332,000","-7,889,000","13,187,000","-4,788,000","4,311,000","-11,732,000","-21,484,000","-9,932,000","-18,456,000","-21,985,000","-28,151,000","-7,301,000","-10,614,000","15,168,000","10,229,000","-6,187,000","-8,738,000","-17,707,000","42,541,000",Upgrade,Financials in NOK,Fiscal year is January - December
Net Income to Common,"-3,466,000","12,332,000","-7,889,000","13,187,000","-4,788,000","4,311,000","-11,732,000","-21,484,000","-9,932,000","-18,456,000","-21,985,000","-28,151,000","-7,301,000","-10,614,000","15,168,000","10,229,000","-6,187,000","-8,738,000","-17,707,000","42,541,000",Upgrade,Financials in NOK,Fiscal year is January - December
Net Income Growth,-,186.059%,-,-,-,-,-,-,-,-,-,-,-,-,-,-75.955%,-,-,-,-,Upgrade,Financials in NOK,Fiscal year is January - December
Shares Outstanding (Basic),"26,661,538","27,404,444","27,105,698","27,121,739","26,600,000","26,943,750","27,105,698","27,194,936","26,843,243","27,141,176","26,810,975","26,809,523","27,040,740","26,535,000","26,610,526","26,918,421","26,900,000","23,616,216","21,860,493","21,815,384",Upgrade,Financials in NOK,Fiscal year is January - December
Shares Outstanding (Diluted),"26,661,538","27,404,444","27,105,698","27,121,739","26,600,000","26,943,750","27,184,673","27,194,936","26,843,243","27,141,176","26,810,975","26,809,523","27,040,740","26,535,000","26,610,526","26,918,421","26,900,000","23,616,216","21,860,493","21,815,384",Upgrade,Financials in NOK,Fiscal year is January - December
Shares Change (YoY),0.231%,1.710%,-0.291%,-0.269%,-0.906%,-0.727%,1.394%,1.438%,-0.730%,2.284%,0.753%,-0.405%,0.523%,12.359%,21.729%,23.392%,26.291%,9.885%,2.381%,0.238%,Upgrade,Financials in NOK,Fiscal year is January - December
EPS (Basic),-0.130,0.450,-0.291,0.486,-0.180,0.160,-0.433,-0.790,-0.370,-0.680,-0.820,-1.050,-0.270,-0.400,0.570,0.380,-0.230,-0.370,-0.810,1.950,Upgrade,Financials in NOK,Fiscal year is January - December
EPS (Diluted),-0.130,0.450,-0.291,0.486,-0.180,0.160,-0.433,-0.792,-0.370,-0.680,-0.820,-1.051,-0.270,-0.400,0.570,0.380,-0.230,-0.370,-0.810,1.950,Upgrade,Financials in NOK,Fiscal year is January - December
EPS Growth,-,181.250%,-,-,-,-,-,-,-,-,-,-,-,-,-,-80.518%,-,-,-,-,Upgrade,Financials in NOK,Fiscal year is January - December
Free Cash Flow,"34,529,000","17,873,000","4,804,000","11,157,000","7,987,000","27,814,000","-10,955,000","-1,643,000","20,728,000","-2,412,000","-22,300,000","6,268,000","2,583,000","13,989,000","-3,009,000","11,241,000","-10,054,000","11,165,000","2,046,000","30,249,000",Upgrade,Financials in NOK,Fiscal year is January - December
Free Cash Flow Per Share,1.295,0.652,0.177,0.411,0.300,1.032,-0.403,-0.060,0.772,-0.089,-0.832,0.234,0.096,0.527,-0.113,0.418,-0.374,0.473,0.094,1.387,Upgrade,Financials in NOK,Fiscal year is January - December
Gross Margin,93.465%,94.755%,93.440%,95.877%,93.588%,95.231%,93.900%,94.620%,94.561%,94.772%,92.613%,92.033%,93.898%,93.232%,94.256%,92.910%,93.053%,96.337%,88.840%,93.212%,Upgrade,Financials in NOK,Fiscal year is January - December
Operating Margin,-1.817%,14.202%,0.631%,15.768%,-3.581%,11.670%,-7.210%,-22.166%,-1.353%,-4.556%,-24.362%,-12.165%,-7.259%,-0.274%,13.912%,7.626%,-18.469%,-23.906%,-15.673%,44.142%,Upgrade,Financials in NOK,Fiscal year is January - December
Profit Margin,-2.883%,8.479%,-6.684%,9.251%,-4.452%,2.987%,-11.043%,-20.620%,-9.302%,-18.353%,-26.941%,-29.782%,-8.353%,-11.736%,17.202%,10.449%,-12.389%,-16.280%,-32.210%,36.812%,Upgrade,Financials in NOK,Fiscal year is January - December
Free Cash Flow Margin,28.720%,12.288%,4.070%,7.827%,7.426%,19.272%,-10.311%,-1.577%,19.412%,-2.399%,-27.327%,6.631%,2.955%,15.468%,-3.412%,11.483%,-20.133%,20.802%,3.722%,26.175%,Upgrade,Financials in NOK,Fiscal year is January - December
EBITDA,"5,028,000","27,849,000","6,408,000","26,976,000","3,339,000","23,391,000","-1,157,000","-19,002,000","4,688,000","1,430,000","-13,880,000","-7,755,000","-177,000","5,821,000","18,136,000","15,177,000","-5,404,000","-8,927,000","-4,757,000","51,979,000",Upgrade,Financials in NOK,Fiscal year is January - December
EBITDA Margin,4.182%,19.147%,5.429%,18.924%,3.105%,16.208%,-1.089%,-18.238%,4.390%,1.422%,-17.009%,-8.204%,-0.203%,6.436%,20.568%,15.503%,-10.821%,-16.632%,-8.653%,44.978%,Upgrade,Financials in NOK,Fiscal year is January - December
D&A For EBITDA,"7,213,000","7,192,000","5,663,000","4,500,000","7,190,000","6,549,000","6,503,000","4,093,000","6,133,000","6,012,000","6,000,000","3,744,000","6,168,000","6,069,000","5,869,000","7,711,000","3,819,000","3,904,000","3,859,000","967,000",Upgrade,Financials in NOK,Fiscal year is January - December
EBIT,"-2,185,000","20,657,000","745,000","22,476,000","-3,851,000","16,842,000","-7,660,000","-23,095,000","-1,445,000","-4,582,000","-19,880,000","-11,499,000","-6,345,000","-248,000","12,267,000","7,466,000","-9,223,000","-12,831,000","-8,616,000","51,012,000",Upgrade,Financials in NOK,Fiscal year is January - December
EBIT Margin,-1.817%,14.202%,0.631%,15.768%,-3.581%,11.670%,-7.210%,-22.166%,-1.353%,-4.556%,-24.362%,-12.165%,-7.259%,-0.274%,13.912%,7.626%,-18.468%,-23.906%,-15.673%,44.142%,Upgrade,Financials in NOK,Fiscal year is January - December
Effective Tax Rate,-,23.698%,-,20.349%,-,63.940%,-,-,-,-,-,-,-,-,25.428%,-,-,-,-,20.133%,Upgrade,Financials in NOK,Fiscal year is January - December
Revenue as Reported,"120,225,000","145,448,000","118,034,000","142,546,000","107,548,000","144,321,000","106,242,000","104,190,000","106,777,000","100,562,000","81,603,000","94,524,000","87,404,000","90,436,000","88,176,000","97,896,000","49,939,000","53,673,000","54,974,000","115,564,000",Upgrade,Financials in NOK,Fiscal year is January - December
