Fiscal Year,TTM,FY 2023,FY 2022,FY 2021,FY 2020,FY 2019,2018 - 2014,Currency,Fiscal_Year_period
Period Ending,"Jun '24 Jun 30, 2024","Dec '23 Dec 31, 2023","Dec '22 Dec 31, 2022","Dec '21 Dec 31, 2021","Dec '20 Dec 31, 2020","Dec '19 Dec 31, 2019",2018 - 2014,,
Operating Revenue,"241,000","291,000","114,000","3,254,000","1,212,000","164,000",Upgrade,Financials in USD,Fiscal year is January - December
Other Revenue,"-190,000",-,-,-,"458,000",-,Upgrade,Financials in USD,Fiscal year is January - December
Revenue,"51,000","291,000","114,000","3,254,000","1,670,000","164,000",Upgrade,Financials in USD,Fiscal year is January - December
Revenue Growth (YoY),-86.719%,155.263%,-96.497%,94.850%,918.293%,-97.378%,Upgrade,Financials in USD,Fiscal year is January - December
Cost of Revenue,"1,218,000","1,379,000","1,221,000","2,404,000","2,458,000","3,306,000",Upgrade,Financials in USD,Fiscal year is January - December
Gross Profit,"-1,167,000","-1,088,000","-1,107,000","850,000","-788,000","-3,142,000",Upgrade,Financials in USD,Fiscal year is January - December
"Selling, General & Admin","3,720,000","3,974,000","4,209,000","5,209,000","4,815,000","6,094,000",Upgrade,Financials in USD,Fiscal year is January - December
Other Operating Expenses,"262,000","229,000","39,000","173,000","64,000","350,000",Upgrade,Financials in USD,Fiscal year is January - December
Operating Expenses,"14,247,000","26,847,000","29,667,000","29,615,000","24,286,000","34,491,000",Upgrade,Financials in USD,Fiscal year is January - December
Operating Income,"-15,414,000","-27,935,000","-30,774,000","-28,765,000","-25,074,000","-37,633,000",Upgrade,Financials in USD,Fiscal year is January - December
Interest Expense,"-117,000","-80,000","-1,013,000","-1,218,000","-1,706,000","-620,000",Upgrade,Financials in USD,Fiscal year is January - December
Interest & Investment Income,-,-,-,-,"108,000","464,000",Upgrade,Financials in USD,Fiscal year is January - December
Currency Exchange Gain (Loss),"154,000","169,000","-109,000","-288,000",-,-,Upgrade,Financials in USD,Fiscal year is January - December
Other Non Operating Income (Expenses),-,-,-,"1,581,000",-,-,Upgrade,Financials in USD,Fiscal year is January - December
EBT Excluding Unusual Items,"-15,377,000","-27,846,000","-31,896,000","-28,690,000","-26,672,000","-37,789,000",Upgrade,Financials in USD,Fiscal year is January - December
Impairment of Goodwill,-,-,-,-,"-5,700,000",-,Upgrade,Financials in USD,Fiscal year is January - December
Gain (Loss) on Sale of Investments,"53,000","53,000","-4,134,000","13,591,000",-,"-1,035,000",Upgrade,Financials in USD,Fiscal year is January - December
Asset Writedown,"-2,670,000","-2,670,000",-,-,"6,126,000","-26,000,000",Upgrade,Financials in USD,Fiscal year is January - December
Other Unusual Items,-,-,"22,000","8,000","86,000","90,000",Upgrade,Financials in USD,Fiscal year is January - December
Pretax Income,"-17,994,000","-30,463,000","-36,008,000","-15,091,000","-26,160,000","-64,734,000",Upgrade,Financials in USD,Fiscal year is January - December
Income Tax Expense,"-2,523,000","-5,414,000","419,000","-2,493,000","-1,764,000","1,265,000",Upgrade,Financials in USD,Fiscal year is January - December
Earnings From Continuing Operations,"-15,471,000","-25,049,000","-36,427,000","-12,598,000","-24,396,000","-65,999,000",Upgrade,Financials in USD,Fiscal year is January - December
Net Income to Company,"-15,471,000","-25,049,000","-36,427,000","-12,598,000","-24,396,000","-65,999,000",Upgrade,Financials in USD,Fiscal year is January - December
Minority Interest in Earnings,-,-,-,-,"1,000","-49,000",Upgrade,Financials in USD,Fiscal year is January - December
Net Income,"-15,471,000","-25,049,000","-36,427,000","-12,598,000","-24,395,000","-66,048,000",Upgrade,Financials in USD,Fiscal year is January - December
Net Income to Common,"-15,471,000","-25,049,000","-36,427,000","-12,598,000","-24,395,000","-66,048,000",Upgrade,Financials in USD,Fiscal year is January - December
Shares Outstanding (Basic),"228,417,882","225,102,963","119,992,768","119,971,061","92,978,175","91,862,559",Upgrade,Financials in USD,Fiscal year is January - December
Shares Outstanding (Diluted),"228,417,882","225,102,963","119,992,768","119,971,061","92,978,175","91,862,559",Upgrade,Financials in USD,Fiscal year is January - December
Shares Change (YoY),33.665%,87.597%,0.018%,29.031%,1.214%,-,Upgrade,Financials in USD,Fiscal year is January - December
EPS (Basic),-0.068,-0.111,-0.304,-0.105,-0.262,-0.719,Upgrade,Financials in USD,Fiscal year is January - December
EPS (Diluted),-0.068,-0.111,-0.304,-0.106,-0.262,-0.719,Upgrade,Financials in USD,Fiscal year is January - December
Free Cash Flow,"-3,779,000","-3,592,000","494,000","-1,746,000","-5,728,000","-9,046,000",Upgrade,Financials in USD,Fiscal year is January - December
Free Cash Flow Per Share,-0.017,-0.016,0.004,-0.015,-0.062,-0.098,Upgrade,Financials in USD,Fiscal year is January - December
Gross Margin,-,-,-,26.122%,-47.186%,-,Upgrade,Financials in USD,Fiscal year is January - December
Operating Margin,-30223.529%,-9599.656%,-26994.737%,-883.989%,-1501.437%,-22946.951%,Upgrade,Financials in USD,Fiscal year is January - December
Profit Margin,-30335.294%,-8607.904%,-31953.509%,-387.154%,-1460.778%,-40273.171%,Upgrade,Financials in USD,Fiscal year is January - December
Free Cash Flow Margin,-7409.804%,-1234.364%,433.333%,-53.657%,-342.994%,-5515.854%,Upgrade,Financials in USD,Fiscal year is January - December
EBITDA,"-5,596,000","-5,735,000","-5,806,000","-4,984,000","-5,639,000","-9,539,000",Upgrade,Financials in USD,Fiscal year is January - December
EBITDA Margin,-,-,-,-153.165%,-,-,Upgrade,Financials in USD,Fiscal year is January - December
D&A For EBITDA,"9,818,000","22,200,000","24,968,000","23,781,000","19,435,000","28,094,000",Upgrade,Financials in USD,Fiscal year is January - December
EBIT,"-15,414,000","-27,935,000","-30,774,000","-28,765,000","-25,074,000","-37,633,000",Upgrade,Financials in USD,Fiscal year is January - December
Revenue as Reported,"272,000","539,000","-4,020,000","18,235,000","2,149,000","-313,000",Upgrade,Financials in USD,Fiscal year is January - December
