Fiscal Year,TTM,FY 2023,FY 2022,FY 2021,FY 2020,FY 2019,2018 - 2014,Currency,Fiscal_Year_period
Period Ending,"Sep '24 Sep 30, 2024","Dec '23 Dec 31, 2023","Dec '22 Dec 31, 2022","Dec '21 Dec 31, 2021","Dec '20 Dec 31, 2020","Dec '19 Dec 31, 2019",2018 - 2014,,
Operating Revenue,"1,758,893,255","1,474,150,813","1,229,229,852","3,767,754,303","1,507,381,241","774,131,264",Upgrade,Financials in CNY,Fiscal year is January - December
Other Revenue,"28,399,101","28,399,101","224,262,856","257,086,575","87,515,322","957,889",Upgrade,Financials in CNY,Fiscal year is January - December
Revenue,"1,787,292,356","1,502,549,914","1,453,492,708","4,024,840,878","1,594,896,563","775,089,153",Upgrade,Financials in CNY,Fiscal year is January - December
Revenue Growth (YoY),46.311%,3.375%,-63.887%,152.357%,105.769%,82885.991%,Upgrade,Financials in CNY,Fiscal year is January - December
Cost of Revenue,"622,887,088","634,393,017","526,282,177","1,258,187,045","376,758,444","90,684,339",Upgrade,Financials in CNY,Fiscal year is January - December
Gross Profit,"1,164,405,268","868,156,897","927,210,531","2,766,653,833","1,218,138,119","684,404,814",Upgrade,Financials in CNY,Fiscal year is January - December
"Selling, General & Admin","1,503,859,064","1,380,795,492","1,284,791,868","1,376,548,688","1,127,767,685","536,978,935",Upgrade,Financials in CNY,Fiscal year is January - December
Research & Development,"1,541,111,820","1,937,469,544","2,384,373,403","2,068,739,301","1,778,022,997","946,099,973",Upgrade,Financials in CNY,Fiscal year is January - December
Other Operating Expenses,"2,660,272","7,544,325","6,031,104","7,066,701","7,720,723","7,300,063",Upgrade,Financials in CNY,Fiscal year is January - December
Operating Expenses,"3,053,686,187","3,344,152,769","3,675,191,788","3,452,710,592","2,913,175,835","1,490,424,109",Upgrade,Financials in CNY,Fiscal year is January - December
Operating Income,"-1,889,280,919","-2,475,995,872","-2,747,981,257","-686,056,759","-1,695,037,716","-806,019,295",Upgrade,Financials in CNY,Fiscal year is January - December
Interest Expense,"-41,942,048","-29,005,774","-29,370,183","-21,833,301","-29,391,039","-13,300,162",Upgrade,Financials in CNY,Fiscal year is January - December
Interest & Investment Income,"128,451,883","173,416,585","61,018,131","30,978,506","20,278,062","29,222,164",Upgrade,Financials in CNY,Fiscal year is January - December
Currency Exchange Gain (Loss),"-2,661,121","-2,661,121","50,051,335","-39,938,418","-11,674,181","-2,265,805",Upgrade,Financials in CNY,Fiscal year is January - December
Other Non Operating Income (Expenses),"-32,061,887","-38,709,747","-796,329","125,550","-989,435","-204,776",Upgrade,Financials in CNY,Fiscal year is January - December
EBT Excluding Unusual Items,"-1,837,494,092","-2,372,955,929","-2,667,078,303","-716,724,422","-1,716,814,309","-792,567,874",Upgrade,Financials in CNY,Fiscal year is January - December
Gain (Loss) on Sale of Investments,"-105,663,433","-149,177,392","-51,208,981","65,745,819","40,420,588","21,598,863",Upgrade,Financials in CNY,Fiscal year is January - December
Gain (Loss) on Sale of Assets,"41,177,713","28,886,165","22,371,082","778,973","1,123,453","-638,484",Upgrade,Financials in CNY,Fiscal year is January - December
Asset Writedown,"31,603,974",-,-,-,-,"813,093",Upgrade,Financials in CNY,Fiscal year is January - December
Other Unusual Items,"1,552,559","1,552,559","18,731,942","55,199,174","2,841,020","4,174,976",Upgrade,Financials in CNY,Fiscal year is January - December
Pretax Income,"-1,868,823,279","-2,491,694,597","-2,677,184,260","-595,000,456","-1,672,429,248","-766,619,426",Upgrade,Financials in CNY,Fiscal year is January - December
Income Tax Expense,"100,462,816","43,994,697","-93,106,789","135,533,455","-3,821,933","-18,890,636",Upgrade,Financials in CNY,Fiscal year is January - December
Earnings From Continuing Operations,"-1,969,286,095","-2,535,689,294","-2,584,077,471","-730,533,911","-1,668,607,315","-747,728,790",Upgrade,Financials in CNY,Fiscal year is January - December
Net Income to Company,"-1,969,286,095","-2,535,689,294","-2,584,077,471","-730,533,911","-1,668,607,315","-747,728,790",Upgrade,Financials in CNY,Fiscal year is January - December
Minority Interest in Earnings,"165,904,082","252,257,437","196,027,588","9,624,169",488,"310,943",Upgrade,Financials in CNY,Fiscal year is January - December
Net Income,"-1,803,382,013","-2,283,431,857","-2,388,049,883","-720,909,742","-1,668,606,827","-747,417,847",Upgrade,Financials in CNY,Fiscal year is January - December
Net Income to Common,"-1,803,382,013","-2,283,431,857","-2,388,049,883","-720,909,742","-1,668,606,827","-747,417,847",Upgrade,Financials in CNY,Fiscal year is January - December
Shares Outstanding (Basic),"985,839,048","984,237,869","918,480,724","890,012,027","821,973,806","778,560,257",Upgrade,Financials in CNY,Fiscal year is January - December
Shares Outstanding (Diluted),"985,839,048","984,237,869","918,480,724","890,012,027","821,973,806","778,560,257",Upgrade,Financials in CNY,Fiscal year is January - December
Shares Change (YoY),1.333%,7.159%,3.199%,8.277%,5.576%,29.347%,Upgrade,Financials in CNY,Fiscal year is January - December
EPS (Basic),-1.829,-2.320,-2.600,-0.810,-2.030,-0.960,Upgrade,Financials in CNY,Fiscal year is January - December
EPS (Diluted),-1.829,-2.320,-2.600,-0.810,-2.030,-0.960,Upgrade,Financials in CNY,Fiscal year is January - December
Free Cash Flow,"-2,303,011,053","-2,837,556,631","-2,170,152,712","-1,506,824,577","-2,036,847,054","-2,041,739,261",Upgrade,Financials in CNY,Fiscal year is January - December
Free Cash Flow Per Share,-2.336,-2.883,-2.363,-1.693,-2.478,-2.622,Upgrade,Financials in CNY,Fiscal year is January - December
Gross Margin,65.149%,57.779%,63.792%,68.739%,76.377%,88.300%,Upgrade,Financials in CNY,Fiscal year is January - December
Operating Margin,-105.706%,-164.786%,-189.061%,-17.046%,-106.279%,-103.991%,Upgrade,Financials in CNY,Fiscal year is January - December
Profit Margin,-100.900%,-151.970%,-164.297%,-17.912%,-104.622%,-96.430%,Upgrade,Financials in CNY,Fiscal year is January - December
Free Cash Flow Margin,-128.855%,-188.849%,-149.306%,-37.438%,-127.710%,-263.420%,Upgrade,Financials in CNY,Fiscal year is January - December
EBITDA,"-1,609,518,396","-2,215,214,518","-2,512,508,128","-476,318,214","-1,575,723,735","-761,988,180",Upgrade,Financials in CNY,Fiscal year is January - December
EBITDA Margin,-90.053%,-147.430%,-172.860%,-11.834%,-98.798%,-98.310%,Upgrade,Financials in CNY,Fiscal year is January - December
D&A For EBITDA,"279,762,523","260,781,354","235,473,129","209,738,545","119,313,981","44,031,115",Upgrade,Financials in CNY,Fiscal year is January - December
EBIT,"-1,889,280,919","-2,475,995,872","-2,747,981,257","-686,056,759","-1,695,037,716","-806,019,295",Upgrade,Financials in CNY,Fiscal year is January - December
EBIT Margin,-105.706%,-164.786%,-189.060%,-17.046%,-106.279%,-103.991%,Upgrade,Financials in CNY,Fiscal year is January - December
Revenue as Reported,"1,787,292,357","1,502,549,915","1,453,492,709","4,024,840,878","1,594,896,563","775,089,154",Upgrade,Financials in CNY,Fiscal year is January - December
