Fiscal Year,TTM,FY 2023,FY 2022,FY 2021,FY 2020,FY 2019,2018 - 2014,Currency,Fiscal_Year_period
Period Ending,"Jun '24 Jun 30, 2024","Dec '23 Dec 31, 2023","Dec '22 Dec 31, 2022","Dec '21 Dec 31, 2021","Dec '20 Dec 31, 2020","Dec '19 Dec 31, 2019",2018 - 2014,,
Revenue,"8,421,550,000","7,815,938,000","6,865,735,000","6,382,009,000","5,587,636,000","5,318,091,000",Upgrade,Financials in CNY,Fiscal year is January - December
Revenue Growth (YoY),11.468%,13.840%,7.580%,14.217%,5.068%,16.018%,Upgrade,Financials in CNY,Fiscal year is January - December
Cost of Revenue,"1,184,071,000","1,174,298,000","1,194,161,000","1,106,286,000","1,062,911,000","925,347,000",Upgrade,Financials in CNY,Fiscal year is January - December
Gross Profit,"7,237,479,000","6,641,640,000","5,671,574,000","5,275,723,000","4,524,725,000","4,392,744,000",Upgrade,Financials in CNY,Fiscal year is January - December
"Selling, General & Admin","3,693,051,000","3,487,050,000","2,973,959,000","2,695,505,000","2,472,493,000","2,626,742,000",Upgrade,Financials in CNY,Fiscal year is January - December
Research & Development,"964,431,000","794,794,000","693,813,000","753,872,000","590,343,000","526,565,000",Upgrade,Financials in CNY,Fiscal year is January - December
Other Operating Expenses,"466,872,000","442,431,000","86,741,000","140,017,000","120,626,000","110,657,000",Upgrade,Financials in CNY,Fiscal year is January - December
Operating Expenses,"5,124,354,000","4,724,275,000","3,754,513,000","3,589,394,000","3,183,462,000","3,263,964,000",Upgrade,Financials in CNY,Fiscal year is January - December
Operating Income,"2,113,125,000","1,917,365,000","1,917,061,000","1,686,329,000","1,341,263,000","1,128,780,000",Upgrade,Financials in CNY,Fiscal year is January - December
Interest Expense,"-227,769,000","-212,296,000","-102,748,000","-66,525,000","-81,066,000","-109,476,000",Upgrade,Financials in CNY,Fiscal year is January - December
Interest & Investment Income,"102,401,000","153,124,000","149,487,000","78,459,000","84,502,000","83,858,000",Upgrade,Financials in CNY,Fiscal year is January - December
Earnings From Equity Investments,"-64,460,000","-29,795,000","-34,247,000","-37,101,000","-30,393,000","-11,031,000",Upgrade,Financials in CNY,Fiscal year is January - December
Currency Exchange Gain (Loss),"-2,574,000",-,"274,644,000","135,009,000","-250,026,000","47,622,000",Upgrade,Financials in CNY,Fiscal year is January - December
Other Non Operating Income (Expenses),"120,759,000","103,670,000","83,034,000","75,799,000","86,517,000","86,627,000",Upgrade,Financials in CNY,Fiscal year is January - December
EBT Excluding Unusual Items,"2,041,482,000","1,932,068,000","2,287,231,000","1,871,970,000","1,150,797,000","1,226,380,000",Upgrade,Financials in CNY,Fiscal year is January - December
Gain (Loss) on Sale of Investments,"176,620,000",-,"181,429,000","10,688,000","625,000",-,Upgrade,Financials in CNY,Fiscal year is January - December
Gain (Loss) on Sale of Assets,"-13,044,000","-1,877,000","-4,329,000","-13,892,000","-1,016,000","-3,367,000",Upgrade,Financials in CNY,Fiscal year is January - December
Asset Writedown,-,-,"-186,019,000",-,"-177,804,000",-,Upgrade,Financials in CNY,Fiscal year is January - December
Other Unusual Items,"1,201,000","48,268,000","1,284,000",-,"6,527,000",-,Upgrade,Financials in CNY,Fiscal year is January - December
Pretax Income,"2,206,259,000","1,978,459,000","2,279,596,000","1,868,766,000","979,129,000","1,223,013,000",Upgrade,Financials in CNY,Fiscal year is January - December
Income Tax Expense,"498,849,000","392,167,000","370,737,000","241,193,000","208,023,000","242,785,000",Upgrade,Financials in CNY,Fiscal year is January - December
Earnings From Continuing Operations,"1,707,410,000","1,586,292,000","1,908,859,000","1,627,573,000","771,106,000","980,228,000",Upgrade,Financials in CNY,Fiscal year is January - December
Minority Interest in Earnings,"-48,806,000","-37,053,000","6,868,000","23,674,000","64,685,000","-6,511,000",Upgrade,Financials in CNY,Fiscal year is January - December
Net Income,"1,658,604,000","1,549,239,000","1,915,727,000","1,651,247,000","835,791,000","973,717,000",Upgrade,Financials in CNY,Fiscal year is January - December
Net Income to Common,"1,658,604,000","1,549,239,000","1,915,727,000","1,651,247,000","835,791,000","973,717,000",Upgrade,Financials in CNY,Fiscal year is January - December
Net Income Growth,-14.036%,-19.130%,16.017%,97.567%,-14.165%,-23.760%,Upgrade,Financials in CNY,Fiscal year is January - December
Shares Outstanding (Basic),"2,434,351,856","2,438,916,302","2,444,078,746","2,543,041,835","2,534,742,913","2,535,438,744",Upgrade,Financials in CNY,Fiscal year is January - December
Shares Outstanding (Diluted),"2,436,179,920","2,441,666,302","2,648,208,774","2,770,118,941","2,750,819,876","2,537,738,180",Upgrade,Financials in CNY,Fiscal year is January - December
Shares Change (YoY),-3.827%,-7.799%,-4.401%,0.702%,8.397%,-7.854%,Upgrade,Financials in CNY,Fiscal year is January - December
EPS (Basic),0.681,0.635,0.784,0.649,0.330,0.384,Upgrade,Financials in CNY,Fiscal year is January - December
EPS (Diluted),0.681,0.625,0.744,0.618,0.326,0.380,Upgrade,Financials in CNY,Fiscal year is January - December
EPS Growth,-10.597%,-16.010%,20.336%,89.547%,-14.213%,-22.476%,Upgrade,Financials in CNY,Fiscal year is January - December
Free Cash Flow,"1,448,642,000","1,458,140,000","1,223,654,000","549,225,000","451,576,000","1,415,983,000",Upgrade,Financials in CNY,Fiscal year is January - December
Free Cash Flow Per Share,0.595,0.597,0.462,0.198,0.164,0.558,Upgrade,Financials in CNY,Fiscal year is January - December
Dividend Per Share,0.227,0.227,0.088,0.163,-,-,Upgrade,Financials in CNY,Fiscal year is January - December
Dividend Growth,156.543%,156.543%,-45.711%,-,-,-,Upgrade,Financials in CNY,Fiscal year is January - December
Gross Margin,85.940%,84.975%,82.607%,82.665%,80.977%,82.600%,Upgrade,Financials in CNY,Fiscal year is January - December
Operating Margin,25.092%,24.531%,27.922%,26.423%,24.004%,21.225%,Upgrade,Financials in CNY,Fiscal year is January - December
Profit Margin,19.695%,19.822%,27.903%,25.873%,14.958%,18.310%,Upgrade,Financials in CNY,Fiscal year is January - December
Free Cash Flow Margin,17.202%,18.656%,17.823%,8.606%,8.082%,26.626%,Upgrade,Financials in CNY,Fiscal year is January - December
EBITDA,"2,442,972,000","2,232,521,000","2,282,159,000","1,992,710,000","1,683,341,000","1,449,456,000",Upgrade,Financials in CNY,Fiscal year is January - December
EBITDA Margin,29.009%,28.564%,33.240%,31.224%,30.126%,27.255%,Upgrade,Financials in CNY,Fiscal year is January - December
D&A For EBITDA,"329,847,000","315,156,000","365,098,000","306,381,000","342,078,000","320,676,000",Upgrade,Financials in CNY,Fiscal year is January - December
EBIT,"2,113,125,000","1,917,365,000","1,917,061,000","1,686,329,000","1,341,263,000","1,128,780,000",Upgrade,Financials in CNY,Fiscal year is January - December
EBIT Margin,25.092%,24.531%,27.922%,26.423%,24.004%,21.225%,Upgrade,Financials in CNY,Fiscal year is January - December
Effective Tax Rate,22.611%,19.822%,16.263%,12.906%,21.246%,19.851%,Upgrade,Financials in CNY,Fiscal year is January - December
