Fiscal Year,TTM,FY 2024,FY 2023,FY 2022,FY 2021,FY 2020,2019 - 2015,Currency,Fiscal_Year_period
Period Ending,"Sep '24 Sep 30, 2024","Mar '24 Mar 31, 2024","Mar '23 Mar 31, 2023","Mar '22 Mar 31, 2022","Mar '21 Mar 31, 2021","Mar '20 Mar 31, 2020",2019 - 2015,,
Operating Revenue,"5,493,497","4,751,981","3,949,667","2,325,589","110,956",-,Upgrade,Financials in CAD,Fiscal year is April - March
Revenue,"5,493,497","4,751,981","3,949,667","2,325,589","110,956",-,Upgrade,Financials in CAD,Fiscal year is April - March
Revenue Growth (YoY),19.083%,20.313%,69.835%,1995.956%,-,-,Upgrade,Financials in CAD,Fiscal year is April - March
Cost of Revenue,"3,264,190","2,731,513","2,242,815","1,707,913","91,607",-,Upgrade,Financials in CAD,Fiscal year is April - March
Gross Profit,"2,229,307","2,020,468","1,706,852","617,676","19,349",-,Upgrade,Financials in CAD,Fiscal year is April - March
"Selling, General & Admin","6,691,878","6,742,597","5,996,153","5,741,201","3,068,241","325,173",Upgrade,Financials in CAD,Fiscal year is April - March
Research & Development,"30,206","51,380","305,624","753,181","14,998",-,Upgrade,Financials in CAD,Fiscal year is April - March
Other Operating Expenses,"-163,249",-,"-205,636","433,359",-,-,Upgrade,Financials in CAD,Fiscal year is April - March
Operating Expenses,"7,639,986","8,207,532","6,659,662","10,126,461","4,665,862","325,173",Upgrade,Financials in CAD,Fiscal year is April - March
Operating Income,"-5,410,679","-6,187,064","-4,952,810","-9,508,785","-4,646,513","-325,173",Upgrade,Financials in CAD,Fiscal year is April - March
Interest Expense,"-234,685","-259,371","-55,925","-50,429","-10,724",-,Upgrade,Financials in CAD,Fiscal year is April - March
Interest & Investment Income,"583,341","531,180","208,847","63,548","17,042",-,Upgrade,Financials in CAD,Fiscal year is April - March
Currency Exchange Gain (Loss),"-16,986","-6,009","-19,478","-13,526","8,214",-,Upgrade,Financials in CAD,Fiscal year is April - March
Other Non Operating Income (Expenses),"-160,847","10,294","-82,498",-,-,-,Upgrade,Financials in CAD,Fiscal year is April - March
EBT Excluding Unusual Items,"-5,239,856","-5,910,970","-4,901,864","-9,509,192","-4,631,981","-325,173",Upgrade,Financials in CAD,Fiscal year is April - March
Gain (Loss) on Sale of Investments,"159,944","122,918","-351,782","-223,816","2,110,661",-,Upgrade,Financials in CAD,Fiscal year is April - March
Gain (Loss) on Sale of Assets,"-5,382","7,756",-,-,"843,411",-,Upgrade,Financials in CAD,Fiscal year is April - March
Asset Writedown,"-2,030,765","-2,030,765","-443,896","-5,937,015",-,-,Upgrade,Financials in CAD,Fiscal year is April - March
Other Unusual Items,"313,616","38,077","-262,580","728,446","33,081",-,Upgrade,Financials in CAD,Fiscal year is April - March
Pretax Income,"-6,802,443","-7,772,984","-5,960,122","-14,941,577","-1,644,828","-325,173",Upgrade,Financials in CAD,Fiscal year is April - March
Income Tax Expense,"-33,406","-59,194","-159,502","-246,404",-,-,Upgrade,Financials in CAD,Fiscal year is April - March
Earnings From Continuing Operations,"-6,769,037","-7,713,790","-5,800,620","-14,695,173","-1,644,828","-325,173",Upgrade,Financials in CAD,Fiscal year is April - March
Net Income to Company,"-6,769,037","-7,713,790","-5,800,620","-14,695,173","-1,644,828","-325,173",Upgrade,Financials in CAD,Fiscal year is April - March
Minority Interest in Earnings,"95,263","86,510","402,453","328,046",-,-,Upgrade,Financials in CAD,Fiscal year is April - March
Net Income,"-6,673,774","-7,627,280","-5,398,167","-14,367,127","-1,644,828","-325,173",Upgrade,Financials in CAD,Fiscal year is April - March
Net Income to Common,"-6,673,774","-7,627,280","-5,398,167","-14,367,127","-1,644,828","-325,173",Upgrade,Financials in CAD,Fiscal year is April - March
Shares Outstanding (Basic),"397,603,563","395,214,521","373,109,531","351,398,544","210,836,814","851,335",Upgrade,Financials in CAD,Fiscal year is April - March
Shares Outstanding (Diluted),"397,603,563","395,214,521","373,109,531","351,398,544","210,836,814","851,335",Upgrade,Financials in CAD,Fiscal year is April - March
Shares Change (YoY),2.786%,5.925%,6.178%,66.668%,24665.435%,-,Upgrade,Financials in CAD,Fiscal year is April - March
EPS (Basic),-0.017,-0.019,-0.014,-0.041,-0.008,-0.382,Upgrade,Financials in CAD,Fiscal year is April - March
EPS (Diluted),-0.017,-0.019,-0.014,-0.041,-0.008,-0.382,Upgrade,Financials in CAD,Fiscal year is April - March
Free Cash Flow,"-3,823,766","-3,921,950","-6,451,061","-5,283,335","-3,446,512","-238,354",Upgrade,Financials in CAD,Fiscal year is April - March
Free Cash Flow Per Share,-0.010,-0.010,-0.017,-0.015,-0.016,-0.280,Upgrade,Financials in CAD,Fiscal year is April - March
Gross Margin,40.581%,42.518%,43.215%,26.560%,17.438%,-,Upgrade,Financials in CAD,Fiscal year is April - March
Operating Margin,-98.492%,-130.200%,-125.398%,-408.876%,-4187.708%,-,Upgrade,Financials in CAD,Fiscal year is April - March
Profit Margin,-121.485%,-160.507%,-136.674%,-617.784%,-1482.415%,-,Upgrade,Financials in CAD,Fiscal year is April - March
Free Cash Flow Margin,-69.605%,-82.533%,-163.332%,-227.183%,-3106.197%,-,Upgrade,Financials in CAD,Fiscal year is April - March
EBITDA,"-4,773,405","-5,439,989","-4,465,966","-9,035,829","-4,626,364",-,Upgrade,Financials in CAD,Fiscal year is April - March
EBITDA Margin,-86.892%,-114.478%,-113.072%,-,-,-,Upgrade,Financials in CAD,Fiscal year is April - March
D&A For EBITDA,"637,274","747,075","486,844","472,956","20,149",-,Upgrade,Financials in CAD,Fiscal year is April - March
EBIT,"-5,410,679","-6,187,064","-4,952,810","-9,508,785","-4,646,513","-325,173",Upgrade,Financials in CAD,Fiscal year is April - March
EBIT Margin,-98.492%,-130.200%,-125.398%,-,-,-,Upgrade,Financials in CAD,Fiscal year is April - March
Advertising Expenses,-,"330,983","275,664",-,-,-,Upgrade,Financials in CAD,Fiscal year is April - March
