Fiscal Year,TTM,FY 2023,FY 2022,FY 2021,FY 2020,FY 2019,2018 - 2014,Currency,Fiscal_Year_period
Period Ending,"Sep '24 Sep 30, 2024","Dec '23 Dec 31, 2023","Dec '22 Dec 31, 2022","Dec '21 Dec 31, 2021","Dec '20 Dec 31, 2020","Dec '19 Dec 31, 2019",2018 - 2014,,
Operating Revenue,"34,746,427","37,513,492","40,681,182","35,045,259","35,840,673","32,407,845",Upgrade,Financials in USD,Fiscal year is January - December
Other Revenue,"2,039,015","2,039,015","1,329,767","939,784","1,600,461","1,980,450",Upgrade,Financials in USD,Fiscal year is January - December
Revenue,"36,785,442","39,552,507","42,010,949","35,985,043","37,441,134","34,388,295",Upgrade,Financials in USD,Fiscal year is January - December
Revenue Growth (YoY),-6.453%,-5.852%,16.746%,-3.889%,8.878%,17.187%,Upgrade,Financials in USD,Fiscal year is January - December
Cost of Revenue,"6,139,482","6,066,611","9,118,521","8,811,248","8,653,020","7,421,316",Upgrade,Financials in USD,Fiscal year is January - December
Gross Profit,"30,645,960","33,485,896","32,892,428","27,173,795","28,788,114","26,966,979",Upgrade,Financials in USD,Fiscal year is January - December
"Selling, General & Admin","28,799,318","29,103,680","26,841,065","24,795,450","24,961,764","25,252,124",Upgrade,Financials in USD,Fiscal year is January - December
Research & Development,"4,788,288","5,834,229","6,688,924","5,684,465","5,773,825","6,868,480",Upgrade,Financials in USD,Fiscal year is January - December
Operating Expenses,"38,071,727","39,696,715","38,597,357","34,851,215","35,169,709","36,255,161",Upgrade,Financials in USD,Fiscal year is January - December
Operating Income,"-7,425,767","-6,210,819","-5,704,929","-7,677,420","-6,381,595","-9,288,182",Upgrade,Financials in USD,Fiscal year is January - December
Interest Expense,"-561,039","-667,861","-585,995","-98,031","-263,627","-246,186",Upgrade,Financials in USD,Fiscal year is January - December
Interest & Investment Income,"308,777","286,854","98,405","26,081","75,345","243,364",Upgrade,Financials in USD,Fiscal year is January - December
Other Non Operating Income (Expenses),-,"3,303,871",-,-,-,-,Upgrade,Financials in USD,Fiscal year is January - December
EBT Excluding Unusual Items,"-7,678,029","-3,287,955","-6,192,519","-7,749,370","-6,569,877","-9,291,004",Upgrade,Financials in USD,Fiscal year is January - December
Asset Writedown,"-3,343,842","-3,343,842",-,-,-,-,Upgrade,Financials in USD,Fiscal year is January - December
Other Unusual Items,-,-,-,"2,187,140",-,-,Upgrade,Financials in USD,Fiscal year is January - December
Pretax Income,"-10,784,782","-6,284,997","-5,581,189","-5,562,230","-6,569,877","-9,291,004",Upgrade,Financials in USD,Fiscal year is January - December
Income Tax Expense,"59,283","45,769","68,850","34,891","55,902","-79,316",Upgrade,Financials in USD,Fiscal year is January - December
Earnings From Continuing Operations,"-10,844,065","-6,330,766","-5,650,039","-5,597,121","-6,625,779","-9,211,688",Upgrade,Financials in USD,Fiscal year is January - December
Earnings From Discontinued Operations,-,-,-,"1,994,322","3,206,875","5,665,177",Upgrade,Financials in USD,Fiscal year is January - December
Net Income to Company,"-10,844,065","-6,330,766","-5,650,039","-3,602,799","-3,418,904","-3,546,511",Upgrade,Financials in USD,Fiscal year is January - December
Minority Interest in Earnings,"-26,297","51,446","79,798","95,212","79,496","8,752",Upgrade,Financials in USD,Fiscal year is January - December
Net Income,"-10,870,362","-6,279,320","-5,570,241","-3,507,587","-3,339,408","-3,537,759",Upgrade,Financials in USD,Fiscal year is January - December
Net Income to Common,"-10,870,362","-6,279,320","-5,570,241","-3,507,587","-3,339,408","-3,537,759",Upgrade,Financials in USD,Fiscal year is January - December
Shares Outstanding (Basic),"14,108,226","14,298,774","14,563,592","14,904,834","15,162,184","15,396,098",Upgrade,Financials in USD,Fiscal year is January - December
Shares Outstanding (Diluted),"14,108,226","14,298,774","14,563,592","14,904,834","15,162,184","15,396,098",Upgrade,Financials in USD,Fiscal year is January - December
Shares Change (YoY),-1.733%,-1.818%,-2.289%,-1.697%,-1.519%,-1.396%,Upgrade,Financials in USD,Fiscal year is January - December
EPS (Basic),-0.770,-0.439,-0.382,-0.235,-0.220,-0.230,Upgrade,Financials in USD,Fiscal year is January - December
EPS (Diluted),-0.770,-0.440,-0.382,-0.236,-0.220,-0.232,Upgrade,Financials in USD,Fiscal year is January - December
Free Cash Flow,"-1,589,534","5,812,553","8,351,248","6,238,911","5,274,244","2,810,154",Upgrade,Financials in USD,Fiscal year is January - December
Free Cash Flow Per Share,-0.113,0.407,0.573,0.419,0.348,0.183,Upgrade,Financials in USD,Fiscal year is January - December
Gross Margin,83.310%,84.662%,78.295%,75.514%,76.889%,78.419%,Upgrade,Financials in USD,Fiscal year is January - December
Operating Margin,-20.187%,-15.703%,-13.580%,-21.335%,-17.044%,-27.010%,Upgrade,Financials in USD,Fiscal year is January - December
Profit Margin,-29.551%,-15.876%,-13.259%,-9.747%,-8.919%,-10.288%,Upgrade,Financials in USD,Fiscal year is January - December
Free Cash Flow Margin,-4.321%,14.696%,19.879%,17.338%,14.087%,8.172%,Upgrade,Financials in USD,Fiscal year is January - December
EBITDA,"-2,786,334","-1,274,865","-376,816","-3,071,054","-1,633,030","-4,884,007",Upgrade,Financials in USD,Fiscal year is January - December
EBITDA Margin,-7.574%,-3.223%,-0.897%,-8.534%,-4.362%,-14.203%,Upgrade,Financials in USD,Fiscal year is January - December
D&A For EBITDA,"4,639,433","4,935,954","5,328,113","4,606,366","4,748,565","4,404,175",Upgrade,Financials in USD,Fiscal year is January - December
EBIT,"-7,425,767","-6,210,819","-5,704,929","-7,677,420","-6,381,595","-9,288,182",Upgrade,Financials in USD,Fiscal year is January - December
EBIT Margin,-20.187%,-15.703%,-13.580%,-21.335%,-17.044%,-27.010%,Upgrade,Financials in USD,Fiscal year is January - December
Revenue as Reported,"39,552,507","39,552,507","42,010,949","35,985,043","37,441,134","34,388,295",Upgrade,Financials in USD,Fiscal year is January - December
Advertising Expenses,-,"2,903,741","2,927,041","1,927,864","2,379,424","2,594,630",Upgrade,Financials in USD,Fiscal year is January - December
