Fiscal Year,TTM,FY 2023,FY 2022,FY 2021,FY 2020,FY 2019,2018 - 2014,Currency,Fiscal_Year_period
Period Ending,"Sep '24 Sep 30, 2024","Dec '23 Dec 31, 2023","Dec '22 Dec 31, 2022","Dec '21 Dec 31, 2021","Dec '20 Dec 31, 2020","Dec '19 Dec 31, 2019",2018 - 2014,,
Operating Revenue,"248,463,000","213,295,000","713,645,000","437,099,000","39,307,000","34,644,000",Upgrade,Financials in USD,Fiscal year is January - December
Other Revenue,"12,347,000","18,989,000","9,038,000","2,343,000","944,000","575,000",Upgrade,Financials in USD,Fiscal year is January - December
Revenue,"260,810,000","232,284,000","722,683,000","439,442,000","40,251,000","35,219,000",Upgrade,Financials in USD,Fiscal year is January - December
Revenue Growth (YoY),-27.789%,-67.858%,64.455%,991.754%,14.288%,329.605%,Upgrade,Financials in USD,Fiscal year is January - December
Cost of Revenue,"98,876,000","102,479,000","261,482,000","205,800,000","40,017,000","72,503,000",Upgrade,Financials in USD,Fiscal year is January - December
Gross Profit,"161,934,000","129,805,000","461,201,000","233,642,000","234,000","-37,284,000",Upgrade,Financials in USD,Fiscal year is January - December
"Selling, General & Admin","168,114,000","147,943,000","125,594,000","92,421,000","71,550,000","72,367,000",Upgrade,Financials in USD,Fiscal year is January - December
Operating Expenses,"168,114,000","160,256,000","125,594,000","92,421,000","74,050,000","81,584,000",Upgrade,Financials in USD,Fiscal year is January - December
Operating Income,"-6,180,000","-30,451,000","335,607,000","141,221,000","-73,816,000","-118,868,000",Upgrade,Financials in USD,Fiscal year is January - December
Interest Expense,"-6,782,000","-6,757,000","-6,732,000","-11,176,000","-19,062,000","-16,977,000",Upgrade,Financials in USD,Fiscal year is January - December
Interest & Investment Income,"37,606,000","31,993,000","7,912,000","140,000","1,260,000","3,370,000",Upgrade,Financials in USD,Fiscal year is January - December
Currency Exchange Gain (Loss),"-100,000","-100,000","100,000","900,000","-800,000","200,000",Upgrade,Financials in USD,Fiscal year is January - December
Other Non Operating Income (Expenses),"-322,000","-52,000","1,812,000","-49,332,000","3,929,000","-6,951,000",Upgrade,Financials in USD,Fiscal year is January - December
EBT Excluding Unusual Items,"24,222,000","-5,367,000","338,699,000","81,753,000","-88,489,000","-139,226,000",Upgrade,Financials in USD,Fiscal year is January - December
Merger & Restructuring Charges,-,-,-,-,-,"-13,356,000",Upgrade,Financials in USD,Fiscal year is January - December
Gain (Loss) on Sale of Assets,-,"1,000,000","1,000,000","1,000,000","6,949,000","-18,000",Upgrade,Financials in USD,Fiscal year is January - December
Other Unusual Items,-,-,"-45,400,000","-5,232,000","6,300,000",-,Upgrade,Financials in USD,Fiscal year is January - December
Pretax Income,"24,222,000","-4,367,000","294,299,000","77,521,000","-75,240,000","-152,600,000",Upgrade,Financials in USD,Fiscal year is January - December
Income Tax Expense,"3,744,000","2,022,000","1,143,000","808,000",-,-,Upgrade,Financials in USD,Fiscal year is January - December
Net Income,"20,478,000","-6,389,000","293,156,000","76,713,000","-75,240,000","-152,600,000",Upgrade,Financials in USD,Fiscal year is January - December
Preferred Dividends & Other Adjustments,-,-,"283,000","4,569,000",-,"3,267,000",Upgrade,Financials in USD,Fiscal year is January - December
Net Income to Common,"20,478,000","-6,389,000","292,873,000","72,144,000","-75,240,000","-155,867,000",Upgrade,Financials in USD,Fiscal year is January - December
Net Income Growth,-66.498%,-,282.146%,-,-,-,Upgrade,Financials in USD,Fiscal year is January - December
Shares Outstanding (Basic),"130,406,250","128,733,000","126,398,000","116,264,000","100,753,000","72,024,000",Upgrade,Financials in USD,Fiscal year is January - December
Shares Outstanding (Diluted),"132,579,750","128,733,000","150,797,000","133,006,000","101,504,000","72,024,000",Upgrade,Financials in USD,Fiscal year is January - December
Shares Change (YoY),-1.324%,-14.632%,13.376%,31.035%,40.931%,15.493%,Upgrade,Financials in USD,Fiscal year is January - December
EPS (Basic),0.157,-0.050,2.317,0.621,-0.747,-2.164,Upgrade,Financials in USD,Fiscal year is January - December
EPS (Diluted),0.151,-0.050,1.966,0.569,-0.782,-2.164,Upgrade,Financials in USD,Fiscal year is January - December
EPS Growth,-67.550%,-,245.391%,-,-,-,Upgrade,Financials in USD,Fiscal year is January - December
Free Cash Flow,"22,670,000","96,459,000","55,577,000","326,051,000","-96,323,000","-143,653,000",Upgrade,Financials in USD,Fiscal year is January - December
Free Cash Flow Per Share,0.171,0.749,0.369,2.451,-0.949,-1.995,Upgrade,Financials in USD,Fiscal year is January - December
Gross Margin,62.089%,55.882%,63.818%,53.168%,0.581%,-105.863%,Upgrade,Financials in USD,Fiscal year is January - December
Operating Margin,-2.370%,-13.109%,46.439%,32.136%,-183.389%,-337.511%,Upgrade,Financials in USD,Fiscal year is January - December
Profit Margin,7.852%,-2.751%,40.526%,16.417%,-186.927%,-442.565%,Upgrade,Financials in USD,Fiscal year is January - December
Free Cash Flow Margin,8.692%,41.526%,7.690%,74.197%,-239.306%,-407.885%,Upgrade,Financials in USD,Fiscal year is January - December
EBITDA,"-1,623,000","-26,109,000","339,419,000","145,517,000","-67,043,000","-103,670,000",Upgrade,Financials in USD,Fiscal year is January - December
EBITDA Margin,-0.622%,-11.240%,46.967%,33.114%,-166.562%,-294.358%,Upgrade,Financials in USD,Fiscal year is January - December
D&A For EBITDA,"4,557,000","4,342,000","3,812,000","4,296,000","6,773,000","15,198,000",Upgrade,Financials in USD,Fiscal year is January - December
EBIT,"-6,180,000","-30,451,000","335,607,000","141,221,000","-73,816,000","-118,868,000",Upgrade,Financials in USD,Fiscal year is January - December
EBIT Margin,-2.369%,-13.109%,46.439%,32.136%,-183.389%,-,Upgrade,Financials in USD,Fiscal year is January - December
Effective Tax Rate,15.457%,-,0.388%,1.042%,-,-,Upgrade,Financials in USD,Fiscal year is January - December
Revenue as Reported,"260,810,000","232,284,000","722,683,000","439,442,000","46,551,000","35,219,000",Upgrade,Financials in USD,Fiscal year is January - December
