Fiscal Year,TTM,FY 2023,FY 2022,FY 2021,FY 2020,FY 2019,2018 - 2014,Currency,Fiscal_Year_period
Period Ending,"Sep '24 Sep 30, 2024","Dec '23 Dec 31, 2023","Dec '22 Dec 31, 2022","Dec '21 Dec 31, 2021","Dec '20 Dec 31, 2020","Dec '19 Dec 31, 2019",2018 - 2014,,
Revenue,"378,418,000","442,735,000","410,596,000","413,753,000","389,523,000","428,413,000",Upgrade,Financials in USD,Fiscal year is January - December
Revenue Growth (YoY),-12.480%,7.827%,-0.763%,6.220%,-9.078%,23.591%,Upgrade,Financials in USD,Fiscal year is January - December
Cost of Revenue,"125,406,000","104,785,000","44,265,000","70,405,000","91,198,000","135,389,000",Upgrade,Financials in USD,Fiscal year is January - December
Gross Profit,"253,012,000","337,950,000","366,331,000","343,348,000","298,325,000","293,024,000",Upgrade,Financials in USD,Fiscal year is January - December
"Selling, General & Admin","157,649,000","142,114,000","115,994,000","111,133,000","140,003,000","170,050,000",Upgrade,Financials in USD,Fiscal year is January - December
Operating Expenses,"157,649,000","142,114,000","115,994,000","111,133,000","140,003,000","170,050,000",Upgrade,Financials in USD,Fiscal year is January - December
Operating Income,"95,363,000","195,836,000","250,337,000","232,215,000","158,322,000","122,974,000",Upgrade,Financials in USD,Fiscal year is January - December
Interest Expense,"-32,793,000","-21,629,000","-7,598,000","-31,150,000","-29,478,000","-36,602,000",Upgrade,Financials in USD,Fiscal year is January - December
Interest & Investment Income,"4,884,000","18,971,000","9,501,000","726,000","1,504,000","2,862,000",Upgrade,Financials in USD,Fiscal year is January - December
Other Non Operating Income (Expenses),"250,000","19,000","182,000","-1,178,000","-6,105,000","3,537,000",Upgrade,Financials in USD,Fiscal year is January - December
EBT Excluding Unusual Items,"67,704,000","193,197,000","252,422,000","200,613,000","124,243,000","92,771,000",Upgrade,Financials in USD,Fiscal year is January - December
Merger & Restructuring Charges,"8,859,000","-45,817,000",-,"44,000","-15,382,000","-3,620,000",Upgrade,Financials in USD,Fiscal year is January - December
Legal Settlements,-,-,-,-,-,"-2,400,000",Upgrade,Financials in USD,Fiscal year is January - December
Other Unusual Items,-,-,-,-,-,"-27,808,000",Upgrade,Financials in USD,Fiscal year is January - December
Pretax Income,"71,563,000","-948,069,000","252,422,000","200,657,000","108,861,000","58,943,000",Upgrade,Financials in USD,Fiscal year is January - December
Income Tax Expense,"74,684,000","83,490,000","77,357,000","-327,791,000","2,685,000",-,Upgrade,Financials in USD,Fiscal year is January - December
Earnings From Continuing Operations,"-3,121,000","-1,031,559,000","175,065,000","528,448,000","106,176,000","58,943,000",Upgrade,Financials in USD,Fiscal year is January - December
Earnings From Discontinued Operations,-,-,-,-,-,"-37,438,000",Upgrade,Financials in USD,Fiscal year is January - December
Net Income to Company,"-3,121,000","-1,031,559,000","175,065,000","528,448,000","106,176,000","21,505,000",Upgrade,Financials in USD,Fiscal year is January - December
Minority Interest in Earnings,"658,000","29,320,000",-,-,-,-,Upgrade,Financials in USD,Fiscal year is January - December
Net Income,"-2,463,000","-1,002,239,000","175,065,000","528,448,000","106,176,000","21,505,000",Upgrade,Financials in USD,Fiscal year is January - December
Net Income to Common,"-2,463,000","-1,002,239,000","175,065,000","528,448,000","106,176,000","21,505,000",Upgrade,Financials in USD,Fiscal year is January - December
Net Income Growth,-,-,-66.872%,397.709%,393.727%,-,Upgrade,Financials in USD,Fiscal year is January - December
Shares Outstanding (Basic),"158,112,500","155,435,000","154,366,000","162,245,000","159,427,000","156,023,000",Upgrade,Financials in USD,Fiscal year is January - December
Shares Outstanding (Diluted),"158,112,500","155,435,000","186,312,000","164,418,000","160,655,000","156,023,000",Upgrade,Financials in USD,Fiscal year is January - December
Shares Change (YoY),2.165%,-16.573%,13.316%,2.342%,2.969%,2.220%,Upgrade,Financials in USD,Fiscal year is January - December
EPS (Basic),-0.016,-6.448,1.134,3.257,0.666,0.138,Upgrade,Financials in USD,Fiscal year is January - December
EPS (Diluted),-0.018,-6.450,0.964,3.210,0.660,0.138,Upgrade,Financials in USD,Fiscal year is January - December
EPS Growth,-,-,-69.984%,386.364%,378.844%,-,Upgrade,Financials in USD,Fiscal year is January - December
Free Cash Flow,"123,816,000","183,154,000","273,627,000","261,630,000","166,994,000","3,536,000",Upgrade,Financials in USD,Fiscal year is January - December
Free Cash Flow Per Share,0.783,1.178,1.469,1.591,1.039,0.023,Upgrade,Financials in USD,Fiscal year is January - December
Gross Margin,66.860%,76.332%,89.219%,82.984%,76.587%,68.397%,Upgrade,Financials in USD,Fiscal year is January - December
Operating Margin,25.200%,44.233%,60.969%,56.124%,40.645%,28.705%,Upgrade,Financials in USD,Fiscal year is January - December
Profit Margin,-0.651%,-226.374%,42.637%,127.721%,27.258%,5.020%,Upgrade,Financials in USD,Fiscal year is January - December
Free Cash Flow Margin,32.719%,41.369%,66.641%,63.233%,42.871%,0.825%,Upgrade,Financials in USD,Fiscal year is January - December
EBITDA,"97,401,000","197,411,000","251,755,000","233,738,000","160,686,000","128,554,000",Upgrade,Financials in USD,Fiscal year is January - December
EBITDA Margin,25.739%,44.589%,61.315%,56.492%,41.252%,30.007%,Upgrade,Financials in USD,Fiscal year is January - December
D&A For EBITDA,"2,038,000","1,575,000","1,418,000","1,523,000","2,364,000","5,580,000",Upgrade,Financials in USD,Fiscal year is January - December
EBIT,"95,363,000","195,836,000","250,337,000","232,215,000","158,322,000","122,974,000",Upgrade,Financials in USD,Fiscal year is January - December
EBIT Margin,25.200%,44.233%,60.969%,56.124%,40.645%,28.704%,Upgrade,Financials in USD,Fiscal year is January - December
Effective Tax Rate,104.361%,-,30.646%,-,2.466%,-,Upgrade,Financials in USD,Fiscal year is January - December
Revenue as Reported,"378,418,000","442,735,000","410,596,000","413,753,000","389,523,000","428,413,000",Upgrade,Financials in USD,Fiscal year is January - December
