Fiscal Year,TTM,FY 2023,FY 2022,FY 2021,FY 2020,FY 2019,2018 - 2017,Currency,Fiscal_Year_period
Period Ending,"Sep '24 Sep 30, 2024","Dec '23 Dec 31, 2023","Dec '22 Dec 31, 2022","Dec '21 Dec 31, 2021","Dec '20 Dec 31, 2020","Dec '19 Dec 31, 2019",2018 - 2017,,
Revenue,"2,266,003,000","2,354,554,000","2,237,215,000","2,289,463,000","2,122,353,000","1,814,254,000",Upgrade,Financials in USD,Fiscal year is January - December
Revenue Growth (YoY),-2.505%,5.245%,-2.282%,7.874%,16.982%,1.079%,Upgrade,Financials in USD,Fiscal year is January - December
Cost of Revenue,"491,912,000","560,656,000","904,244,000","452,842,000","230,839,000","-1,019,321,000",Upgrade,Financials in USD,Fiscal year is January - December
Gross Profit,"1,774,091,000","1,793,898,000","1,332,971,000","1,836,621,000","1,891,514,000","2,833,575,000",Upgrade,Financials in USD,Fiscal year is January - December
"Selling, General & Admin","228,265,000","249,748,000","227,303,000","182,826,000","181,715,000","103,439,000",Upgrade,Financials in USD,Fiscal year is January - December
Research & Development,"2,000,000","52,000,000","177,106,000","200,084,000","26,289,000","83,036,000",Upgrade,Financials in USD,Fiscal year is January - December
Operating Expenses,"230,265,000","301,748,000","410,079,000","405,906,000","231,062,000","210,399,000",Upgrade,Financials in USD,Fiscal year is January - December
Operating Income,"1,543,826,000","1,492,150,000","922,892,000","1,430,715,000","1,660,452,000","2,623,176,000",Upgrade,Financials in USD,Fiscal year is January - December
Interest Expense,"-207,006,000","-187,187,000","-187,961,000","-166,142,000","-167,960,000","-341,188,000",Upgrade,Financials in USD,Fiscal year is January - December
Interest & Investment Income,"44,806,000","72,291,000","78,335,000","53,535,000","28,379,000","22,329,000",Upgrade,Financials in USD,Fiscal year is January - December
Earnings From Equity Investments,"-1,771,000","28,882,000","-8,973,000","-19,490,000","44,459,000","-32,517,000",Upgrade,Financials in USD,Fiscal year is January - December
Other Non Operating Income (Expenses),"-14,647,000","-24,027,000","81,855,000","-27,210,000","-33,496,000","33,870,000",Upgrade,Financials in USD,Fiscal year is January - December
EBT Excluding Unusual Items,"1,365,208,000","1,382,109,000","886,148,000","1,271,408,000","1,531,834,000","2,305,670,000",Upgrade,Financials in USD,Fiscal year is January - December
Gain (Loss) on Sale of Investments,"348,840,000","317,979,000","-40,257,000","-30,207,000","265,673,000","155,749,000",Upgrade,Financials in USD,Fiscal year is January - December
Asset Writedown,-,-,"-615,827,000",-,"-65,053,000",-,Upgrade,Financials in USD,Fiscal year is January - December
Other Unusual Items,-,-,-,-,"-30,500,000",-,Upgrade,Financials in USD,Fiscal year is January - December
Pretax Income,"1,714,048,000","1,700,088,000","230,064,000","1,241,201,000","1,701,954,000","2,461,419,000",Upgrade,Financials in USD,Fiscal year is January - December
Earnings From Continuing Operations,"1,714,048,000","1,700,088,000","230,064,000","1,241,201,000","1,701,954,000","2,461,419,000",Upgrade,Financials in USD,Fiscal year is January - December
Minority Interest in Earnings,"-568,939,000","-565,254,000","-187,232,000","-621,473,000","-726,914,000","-112,884,000",Upgrade,Financials in USD,Fiscal year is January - December
Net Income,"1,145,109,000","1,134,834,000","42,832,000","619,728,000","975,040,000","2,348,535,000",Upgrade,Financials in USD,Fiscal year is January - December
Preferred Dividends & Other Adjustments,-,-,-,-,"479,842,000",-,Upgrade,Financials in USD,Fiscal year is January - December
Net Income to Common,"1,145,109,000","1,134,834,000","42,832,000","619,728,000","495,198,000","2,348,535,000",Upgrade,Financials in USD,Fiscal year is January - December
Net Income Growth,520.958%,2549.500%,-93.089%,-36.441%,-58.483%,70.464%,Upgrade,Financials in USD,Fiscal year is January - December
Shares Outstanding (Basic),"448,293,250","447,601,000","437,963,000","414,794,000","375,444,000",-,Upgrade,Financials in USD,Fiscal year is January - December
Shares Outstanding (Diluted),"596,124,500","602,900,000","437,972,000","414,802,000","375,455,000",-,Upgrade,Financials in USD,Fiscal year is January - December
Shares Change (YoY),33.457%,37.657%,5.586%,10.480%,-,-,Upgrade,Financials in USD,Fiscal year is January - December
EPS (Basic),2.554,2.535,0.098,1.494,1.319,-,Upgrade,Financials in USD,Fiscal year is January - December
EPS (Diluted),2.554,2.534,0.098,1.490,1.319,-,Upgrade,Financials in USD,Fiscal year is January - December
EPS Growth,518.556%,2490.735%,-93.436%,12.967%,-,-,Upgrade,Financials in USD,Fiscal year is January - December
Free Cash Flow,"2,799,089,000","2,987,802,000","2,143,980,000","2,017,536,000","2,034,629,000","1,667,239,000",Upgrade,Financials in USD,Fiscal year is January - December
Free Cash Flow Per Share,4.695,4.956,4.895,4.864,5.419,-,Upgrade,Financials in USD,Fiscal year is January - December
Dividend Per Share,0.830,0.800,0.760,0.680,0.300,-,Upgrade,Financials in USD,Fiscal year is January - December
Dividend Growth,5.063%,5.263%,11.765%,126.667%,-,-,Upgrade,Financials in USD,Fiscal year is January - December
Gross Margin,78.292%,76.188%,59.582%,80.221%,89.123%,156.184%,Upgrade,Financials in USD,Fiscal year is January - December
Operating Margin,68.130%,63.373%,41.252%,62.491%,78.236%,144.587%,Upgrade,Financials in USD,Fiscal year is January - December
Profit Margin,50.534%,48.197%,1.915%,27.069%,23.332%,129.449%,Upgrade,Financials in USD,Fiscal year is January - December
Free Cash Flow Margin,123.525%,126.895%,95.833%,88.123%,95.867%,91.897%,Upgrade,Financials in USD,Fiscal year is January - December
EBITDA,-,"1,497,820,000","928,562,000","1,453,711,000","1,683,510,000","2,647,100,000",Upgrade,Financials in USD,Fiscal year is January - December
EBITDA Margin,-,63.614%,41.505%,63.496%,79.323%,145.906%,Upgrade,Financials in USD,Fiscal year is January - December
D&A For EBITDA,-,"5,670,000","5,670,000","22,996,000","23,058,000","23,924,000",Upgrade,Financials in USD,Fiscal year is January - December
EBIT,"1,543,826,000","1,492,150,000","922,892,000","1,430,715,000","1,660,452,000","2,623,176,000",Upgrade,Financials in USD,Fiscal year is January - December
EBIT Margin,68.130%,63.373%,41.252%,62.491%,78.236%,144.587%,Upgrade,Financials in USD,Fiscal year is January - December
Revenue as Reported,"2,266,003,000","2,354,554,000","2,237,215,000","2,289,463,000","2,122,353,000","1,814,254,000",Upgrade,Financials in USD,Fiscal year is January - December
